timestamp,market_id,maker,taker,nonusdc_side,maker_direction,taker_direction,price,usd_amount,token_amount,transactionHash
1764070786,0xe8aab53f5fc5c9f5466659c01bcc7651060ab25a10840531fe2d7510e1b0a480,0xb21eaa007c267dc1a5bf1396712278d1800760fe,0xe20264ba9f24e89417073f76b7b82bd56c72ac9a,buy,buy,sell,0.5732,1009.18,1760.45,0xca32209fe0a5fcf4d2baed893c2b2de771ed1da8c644e6c3254ee886588a2b6f
1764082487,0xe8aab53f5fc5c9f5466659c01bcc7651060ab25a10840531fe2d7510e1b0a480,0xe996df59cc07e4000fc6ed9521b7bf68f9ed6244,0x01d28e062bbc57a155ec798408433c03bbe5b252,sell,sell,buy,0.5743,915.61,1594.20,0x2b3b6e5892324ac58974dbc54ac9b45db00a02528c3ffd9967a4518735d8e3ab
1764083880,0xe8aab53f5fc5c9f5466659c01bcc7651060ab25a10840531fe2d7510e1b0a480,0x5c0e779bbbf09b6d3c5e560009bf5b2303d3e520,0x8a475908c063414c83480898057028a850bfef24,buy,buy,sell,0.5946,467.05,785.50,0x2bca4d296ec6e245eaf6124f7cbeeedee1de2a2df9877ba6529f1b1c71e69373
1764084392,0xe8aab53f5fc5c9f5466659c01bcc7651060ab25a10840531fe2d7510e1b0a480,0xbcfccb89ecd0e1f8243d2653ee24007f7c9cafb8,0x573c61b5a662c2f81bed01ce098e40368febd662,sell,sell,buy,0.6033,1002.87,1662.25,0x822391bb0b552679d245f2fbba79d9c5e7e16fc0edb739015d80ab9f7401506d
1764098089,0xe8aab53f5fc5c9f5466659c01bcc7651060ab25a10840531fe2d7510e1b0a480,0xd39bcfbf3881d9978c38a9e8297e3865d576c0da,0x3d4380d8dba59975a68376ccc436e995f214fe93,buy,buy,sell,0.5876,430.91,733.33,0x81edd35dfee0ec561e79347979c52aad8abb58ea53c8adad01de01adfaa764b0
1764106368,0xe8aab53f5fc5c9f5466659c01bcc7651060ab25a10840531fe2d7510e1b0a480,0xb57db08dfa49c3039cf5c4293c4fcac37f8311c3,0xdcf1f49169af7b42227dfe6bb96f3318c5b689bb,buy,buy,sell,0.5873,68.04,115.86,0x14ce0f300a5fe912ca141170f1f1f80eee889f43eedcb13af91f04b7bd67ab39
1764107420,0xe8aab53f5fc5c9f5466659c01bcc7651060ab25a10840531fe2d7510e1b0a480,0x1f534d81e77b0714e53da4ddc0cd5d5071c63e43,0xfac82552ccca66651ba58315f782162528e6517e,sell,sell,buy,0.6118,335.68,548.68,0xa2bd8144bad2b7b0d08e1d83b27852a49270b5e1f01d8193bcbf6a293360792e
1764112993,0xe8aab53f5fc5c9f5466659c01bcc7651060ab25a10840531fe2d7510e1b0a480,0xe7b1aaccbaacb01b62dce2954f51534b9a6afcca,0xd15b913ef22f9096539cd07215b5fd3f78dc8f7c,buy,buy,sell,0.6174,48.29,78.21,0xf06aa92664b6eff2eddbcf42dc7d34df5016afdc3df1903fcbbadbf684114f13
1764118715,0xe8aab53f5fc5c9f5466659c01bcc7651060ab25a10840531fe2d7510e1b0a480,0x8d15c507da52d958314d1471d1f684eb1924dfee,0xd25ccd30cf3cbb39e16e2740cd0062e44214295c,sell,sell,buy,0.5931,534.61,901.41,0x4a7ab1bc8e49e1afb8344c3c701a7f78f8b90c9fc9a5a66450c8f3da2f1e9276
1764129510,0xe8aab53f5fc5c9f5466659c01bcc7651060ab25a10840531fe2d7510e1b0a480,0x26448ed02118f0f02f2a1844186e4d20a8bb5946,0x5d613d0f6d54630e8cda5397f37f6d6fe5f0703a,buy,buy,sell,0.5735,829.89,1446.94,0x85e5685dd410fafe6bd87f46d3c99d05adc749fd3b648d11c492e06714fbfc93
1764135571,0xe8aab53f5fc5c9f5466659c01bcc7651060ab25a10840531fe2d7510e1b0a480,0xa087414ba9f200b010303f88dfcc08ba0b44c3ce,0xb9bb249664739cd7dc92235d670b46a8f849acff,buy,buy,sell,0.5635,585.53,1039.15,0x1c546a7a5af8b4c1fd2f434782b5331cdeac0ed6e80e58c8ecc28b3ace6ef913
1764141200,0xe8aab53f5fc5c9f5466659c01bcc7651060ab25a10840531fe2d7510e1b0a480,0x79880c2c3045552f334e6528ac9a9f0f91d8aa56,0x251e0856aa45ac87507f8fef8e92fbb35a8da084,buy,buy,sell,0.5507,241.54,438.57,0x964b3f84637277162f8aecd9e7c7d6b39b63cf3461c0ffe114b06e4d0b34c30f
1764151939,0xe8aab53f5fc5c9f5466659c01bcc7651060ab25a10840531fe2d7510e1b0a480,0x64973f99bc318a7fb3335d3c3f98ff6dd00fa204,0x01a6f6ade1d8348cb849ff62bad8d00e37abb62f,buy,buy,sell,0.5537,216.05,390.19,0xb1f90152c01dc94df28e524f3078cd90206aa3a40006747183018f5a4330233c
1764164383,0xe8aab53f5fc5c9f5466659c01bcc7651060ab25a10840531fe2d7510e1b0a480,0xc13eab51a0bfe435db1931047a39174e4c987b1d,0xf806c1c35393bbc5ca2f29d73a8f60902b655697,sell,sell,buy,0.5601,640.73,1144.03,0xbd2a45e4933d38a99081b0273df3f8b312941af657d8864926de5ff896011a1c
1764167186,0xe8aab53f5fc5c9f5466659c01bcc7651060ab25a10840531fe2d7510e1b0a480,0x26cfca30adacb5c2b980d091c33f9205abf73048,0x7f8b6b3ac24972c8008455305a3f6649e91669e8,buy,buy,sell,0.5455,820.46,1504.01,0x38daa5459ccdfe3739d94129ff6711433804f218fc164f95a6975a3ed55a99e4
1764172154,0xe8aab53f5fc5c9f5466659c01bcc7651060ab25a10840531fe2d7510e1b0a480,0xf3155675646f9b0f95a9998bdc095c18fe446636,0xf1de616c84b5a93affd7e76d4d17ddb1cd8892b2,sell,sell,buy,0.5381,883.21,1641.25,0xbeb74341cf9c563593c6e1830c8107b747202394e6726f7208c200a289fa1b72
1764180969,0xe8aab53f5fc5c9f5466659c01bcc7651060ab25a10840531fe2d7510e1b0a480,0xbe3198efa164a54c501227c4dd640836de0f5642,0x3709c0251f946a2a0c2bc1ef2b9d65c0a21453cc,buy,buy,sell,0.5250,456.95,870.37,0x6838224edb3e437e74c436b3617474ef4a6455f1f6d0d6c8a7063e7f32767850
1764191819,0xe8aab53f5fc5c9f5466659c01bcc7651060ab25a10840531fe2d7510e1b0a480,0x80de31e036b356119ecdd0d9f599da7b3ce746b6,0x80907abfc094bb68ba1cc277032c8d5852f448e1,buy,buy,sell,0.5242,382.98,730.65,0x4c33a99c3000338f33b56262b08c691ade11fcd7d1f17864b0dbe33809fd7926
1764192704,0xe8aab53f5fc5c9f5466659c01bcc7651060ab25a10840531fe2d7510e1b0a480,0xf73ee6a803b5fd87ab240d90bd74e3d9c8c607b4,0xe549c5319b11f0581a0d044c1184ff8395ead248,sell,sell,buy,0.5030,686.36,1364.53,0x4f316928ecbcdc017db28d0b66234425190b7f51f3c2a56a140bfd22e46cb5ab
1764194609,0xe8aab53f5fc5c9f5466659c01bcc7651060ab25a10840531fe2d7510e1b0a480,0xb99c40f5b75c3b4aa1211fc33e810a137d5176ac,0x1b56e8ed238508bc101f1eb648acf5770dd8cb15,buy,buy,sell,0.5258,648.69,1233.67,0x5b672f7f29ff3d3dc9fe5ce013a104eea9c266af3a88cf9baaf55f0276b00bca
1764370085,0x6e8e889b31faeab38f148333702677beeba7e01e81c8f1d740d45d8f823a907f,0x113a2b391ae8b251d669b87efad45aa57932b00a,0xf8217a043a4e522dbad0d32c4ab10fecf366638f,sell,sell,buy,0.3924,471.17,1200.75,0x531405d130015f726ebcee7cbf1792c1fca0065fc72f0c45402b85268079122c
1764381427,0x6e8e889b31faeab38f148333702677beeba7e01e81c8f1d740d45d8f823a907f,0xbca651caa06d9d8560392c9cb8cc7acb3512dfb9,0x4fd218bad51197bfbb875d444f8147a21f6af88d,buy,buy,sell,0.4174,766.62,1836.71,0xa81eb62aa220ba2cf783565a6f020229978bd9d55d270c321fb943faf4fd3ea6
1764386213,0x6e8e889b31faeab38f148333702677beeba7e01e81c8f1d740d45d8f823a907f,0xfdc8c5f2e58d837dda573dfdd799330c901dc867,0x2a8bfa87ab793d9b1fb5b8808b70e6be3cf54062,sell,sell,buy,0.4313,43.14,100.04,0x4e2f407a016af0ccbd5a7c429173b66c5c784b2cae5d3ce68431a13f7a73d575
1764391312,0x6e8e889b31faeab38f148333702677beeba7e01e81c8f1d740d45d8f823a907f,0xf4b450045e8b81e13a6a893b7b3a55d502f28828,0xd5e67a83352576056ccdff308f9eae20dc349aa9,sell,sell,buy,0.4382,81.35,185.64,0x25f2cdddb0c23cf95b4070ef79cfd7fae0adb89bb004e85c9b37a0e80850e95c
1764398152,0x6e8e889b31faeab38f148333702677beeba7e01e81c8f1d740d45d8f823a907f,0x3d92a6feb88ee4243a1992c753f88aefe116326d,0xc05eb149d863e0d28ffbaad864930e6901d21d1f,buy,buy,sell,0.4385,935.32,2133.21,0x7e9408596dd4580b41a616ee8517211a7f41ecea983e038a2cd4a2c52eabd640
1764402126,0x6e8e889b31faeab38f148333702677beeba7e01e81c8f1d740d45d8f823a907f,0x231042aea18bbcd0588fed219fead4752020b308,0x99bcf33b2d189a120aebfbf7a94f0ae003d9d234,buy,buy,sell,0.4469,735.79,1646.25,0x6cf4934715fc739a660b0171400b9ffb2557060cc21780beb43af8f356a747a7
1764408249,0x6e8e889b31faeab38f148333702677beeba7e01e81c8f1d740d45d8f823a907f,0x936e533d65d3cc5c527fe809feaa4223540e53c7,0xcf922945b46912c63261a22cdf0e465e26a77344,buy,buy,sell,0.4270,521.19,1220.51,0x42a915d9203791fc63c43604edcf557683197aab43289d6651ca55fa9a533365
1764413889,0x6e8e889b31faeab38f148333702677beeba7e01e81c8f1d740d45d8f823a907f,0xb6fd16bdde3603af1ebe224daf89a6bd98bd5356,0x0f481913ddef75700395b409b7daabe445c9ffc5,buy,buy,sell,0.4513,329.63,730.33,0x57e0d711c3959f37d7732a0a75f9e89cf0553186de6db96e47530c1aa68b9a3a
1764420611,0x6e8e889b31faeab38f148333702677beeba7e01e81c8f1d740d45d8f823a907f,0xc1e877cf2185ec605bdaba7fcef27bdd4f7f5d43,0xf278d062875b325dd1e4b138cdc9fd4d08a7ace6,buy,buy,sell,0.4509,905.68,2008.59,0x574742a1445586024c76bfd828fdf669c8d75ff0160d7c7f74d2716c9c09a6f2
1764428664,0x6e8e889b31faeab38f148333702677beeba7e01e81c8f1d740d45d8f823a907f,0xd312596e91ad3d1353d9640dfe50b8000c99b448,0xc329044fc0fe601c0e75b263bc2943655fb6b742,buy,buy,sell,0.4489,420.28,936.20,0x55d5d79daf05985fe1abc6b1d91924c268170fcefb4af4018676756559b21fca
1764443105,0x6e8e889b31faeab38f148333702677beeba7e01e81c8f1d740d45d8f823a907f,0x50311aec154f829b1f9f302eab00196afd454935,0x2291d11d14473c93f6f59ebf201a9a06546f6ce5,sell,sell,buy,0.4720,627.33,1328.96,0xc3dcacc112337f5bc2ca673bb68a36c916661254af8b412d0908fc1b59bf7008
1764456214,0x6e8e889b31faeab38f148333702677beeba7e01e81c8f1d740d45d8f823a907f,0xce38a361da9b0df8a0d947d34564cf69d9c1d805,0xefb9634529d909c30fbece9e4ce6001ee17ba27c,buy,buy,sell,0.4490,261.65,582.70,0xeedc94c09a47bd46e3b0bc79cb08548f8c61a9cb875b9d92095fd37e116cf150
1764461015,0x6e8e889b31faeab38f148333702677beeba7e01e81c8f1d740d45d8f823a907f,0x963faf7fc6fc2186e80a0ea14e5b3b50a2ffe332,0xeadf628a19680e42b065af2e9b6fdb98cda68377,buy,buy,sell,0.4540,623.83,1374.19,0x0becc0e0a4bbeb254ce80d23986e2740fd4e05bfea3ac7363411f3b0f6fac91e
1764465092,0x6e8e889b31faeab38f148333702677beeba7e01e81c8f1d740d45d8f823a907f,0x65758348855a13337150931a89562abbf5b3dcd7,0x5bef54e797250ef4f1e15b3f12ab2aac3de137d5,sell,sell,buy,0.4717,191.00,404.96,0xf239bf4a85e294c2d40f0ce93fa094336e8a53bbfb0cb761bbd4dbffb6cf3e4d
1764474129,0x6e8e889b31faeab38f148333702677beeba7e01e81c8f1d740d45d8f823a907f,0xecfba1e7c46aba78bf323798114156a02b68e35c,0x0303c3274515a66992cfe16673284cc62ca01c98,sell,sell,buy,0.4830,940.48,1947.21,0x544e0d82745084fc939d702835ad7e68699442a9ad2a2d743307b3e002b860c0
1764474488,0x6e8e889b31faeab38f148333702677beeba7e01e81c8f1d740d45d8f823a907f,0x59e79623b76c9d258c75d1f1dfd37e7c5a776b4d,0xbcf19462679e2fc0edfb45d62251524f9e1f1ac5,sell,sell,buy,0.4582,516.70,1127.72,0xab0d2a412875717e160cf0089310eb3640507d54be98ae9f2f2c3c46ded3a031
1764485960,0x6e8e889b31faeab38f148333702677beeba7e01e81c8f1d740d45d8f823a907f,0x886a03354f187822a019bb9fe66cdbd7a461e0dd,0x10208e079e50577a8824450b86018681c4edf617,sell,sell,buy,0.4473,573.57,1282.30,0x747b2591ee0872d6ddba31d3e8a4ceee1fa9c6fc1d32541cd2a0b954babf95c0
1764498616,0x6e8e889b31faeab38f148333702677beeba7e01e81c8f1d740d45d8f823a907f,0x45ffcc7436e810c3380e3bcecfb4f1b4a0e040df,0x8a2f04b62ad3ca367a278a41c71445bef94ab0f0,buy,buy,sell,0.4297,365.14,849.74,0x096419054965f318b1b713ab2077feabfc124b53e3977b320a58c3f9f755bb00
1764508464,0x6e8e889b31faeab38f148333702677beeba7e01e81c8f1d740d45d8f823a907f,0x85a5d24becfd4d4e1628390aeaaa427975ad9dac,0x5c753505ddbc2e27ea5d6e72fdeff82e28c67d30,sell,sell,buy,0.4056,695.67,1715.21,0x1d09c23fd678fc03c53883aa9e711bcd3350d593f3139a11a9a1c4f5265af8a1
1764514837,0x6e8e889b31faeab38f148333702677beeba7e01e81c8f1d740d45d8f823a907f,0x4a4a80033092ff0d87513c7cd8ce714101c7ae8e,0x0095da46d00204a53bb23bb040db0f729b743fa7,sell,sell,buy,0.4221,257.71,610.57,0xf5f808328cfc70178bd5a6a6c70b86279d3917db788634b5bd5c0c3bb48a3141
1757385110,0xdd82d94f1e10ded199d2bc4cb7bb91c81369b3014bc5dcc1cea3cd777a0b96ea,0x28ec50686dc8f4f0a125aa6311913f9b4f884334,0xb502bce29e7d02bb17f4c60b55f7d0a2a357b38c,buy,buy,sell,0.6335,689.99,1089.09,0xc9e97bf36b3e20e142554554f6a304641b72f60d47f49909bf5e175a62637b77
1757397842,0xdd82d94f1e10ded199d2bc4cb7bb91c81369b3014bc5dcc1cea3cd777a0b96ea,0x455b42f173bec5892b0b745072e2a88ec221d241,0x0a91f3dcf3a8d6c0af65c860711ddf1fb04529e4,sell,sell,buy,0.6366,541.74,851.05,0x1036a203ff24c66135df9634512755ec7033bbb8645f180f0bbb9bb9baa00e6e
1757399490,0xdd82d94f1e10ded199d2bc4cb7bb91c81369b3014bc5dcc1cea3cd777a0b96ea,0xb1a5b70b5a2cd19a87e2e35e1d60ec67adacb68e,0x9c1468cc1b829a26b0a5eecc06f0bf097ea427a5,buy,buy,sell,0.6334,386.04,609.49,0x845a587920af1518173ebd02f99653b6367ee13cd9a109dfcd7445ffe45beedd
1757407913,0xdd82d94f1e10ded199d2bc4cb7bb91c81369b3014bc5dcc1cea3cd777a0b96ea,0x74cc5a423ebc1942712486631cf82fb47728ba0b,0x5fac4a0521f077f88abe915e2e93b439dc58270a,sell,sell,buy,0.6140,638.70,1040.24,0x13dc09d3b9c3909ffe8c6f9a95e04eac8c0319fa0fede49e7dd215aae2126437
1757417351,0xdd82d94f1e10ded199d2bc4cb7bb91c81369b3014bc5dcc1cea3cd777a0b96ea,0x1a118430741f7b0f4fd66e65fde31340660945ef,0xd42571e468b51ba5d5e5067a4c497d92631fc396,buy,buy,sell,0.6050,351.59,581.17,0xc29aa8043b53367e81f89bd9d994d1be747ffbf717a53e7c73ef19feee603086
1757420588,0xdd82d94f1e10ded199d2bc4cb7bb91c81369b3014bc5dcc1cea3cd777a0b96ea,0xb57c00537bfa1e70f76a0c7f11b4f042ec4a8c0f,0xd283690498e164b9a42bd96bc81f02d99dd8b1ef,buy,buy,sell,0.6197,127.02,204.95,0x4a8e5b83bd78bff7a5f92b18bdb7d36896e20c5805e85323036da810e2845417
1757429919,0xdd82d94f1e10ded199d2bc4cb7bb91c81369b3014bc5dcc1cea3cd777a0b96ea,0xaf03907a5ba6b01903ec7587134317998de4cac6,0x56e004d0c679c708a0d0aa301ab13520cc3446fc,buy,buy,sell,0.6089,471.21,773.88,0x642e2cfc6f926a5071a55a4a2ca780f2c36a40f004a77eaa3f3aba10325e25fb
1757442733,0xdd82d94f1e10ded199d2bc4cb7bb91c81369b3014bc5dcc1cea3cd777a0b96ea,0x3078c60c3f167d772905b2c2e856b36411eb2822,0x3244016b8f482f882de70fa231c00f4a1571ac71,buy,buy,sell,0.6214,924.38,1487.62,0x45fa1e90238d128c89406a8205e1740c8f79c7fe986859fffb75616e463d052d
1757452983,0xdd82d94f1e10ded199d2bc4cb7bb91c81369b3014bc5dcc1cea3cd777a0b96ea,0xcead29b9ed9fb28455139aa55095d73b1f3697fd,0x386c53ec4073e2a9553f40cc8808fec0706c2612,sell,sell,buy,0.5989,563.94,941.56,0x7d2bc687a316803717a24529435337729b3c50d24ef9f0c0bf893a9dd8aed9f2
1757458709,0xdd82d94f1e10ded199d2bc4cb7bb91c81369b3014bc5dcc1cea3cd777a0b96ea,0x585bf4654d499a50d2020db999ac4db034200359,0xcc8ca23a26518f91fc0ca36b52d9cf8666f9c02b,buy,buy,sell,0.6141,1006.25,1638.59,0xcf5acc08d289e60ec2aaad8deef40d908f8761129d7557d59e86499a829d7a54
1757464184,0xdd82d94f1e10ded199d2bc4cb7bb91c81369b3014bc5dcc1cea3cd777a0b96ea,0x867e01c5a4a8a609461a615e8be82c9b97c34cbe,0x3a4b5a90061e06e1fb5d07e9c9986b801e8be160,buy,buy,sell,0.6214,429.02,690.37,0x55ea0f9d61f97665bdd445f1e2257bc9d8b9e95ce6d953ab41e6b43a41437936
1757469290,0xdd82d94f1e10ded199d2bc4cb7bb91c81369b3014bc5dcc1cea3cd777a0b96ea,0x52bb0472f4670858ec6932f15f901116faf78181,0xb6e85a423f6fa3b1cfb55585d6e97f781e1c182d,sell,sell,buy,0.6123,151.27,247.05,0x9f09c0a4ce5f61be5d981cb6ec27a5d60570a9d5c5f93fb7ab4d6315ec1d75c9
1757477021,0xdd82d94f1e10ded199d2bc4cb7bb91c81369b3014bc5dcc1cea3cd777a0b96ea,0x579dd4a79ee9c562ab5b3c73f834cf975ee6f3a9,0x1f6421f3bc01cf52c27b1d8690eee94fb8b14751,buy,buy,sell,0.6347,832.36,1311.35,0x229579881cdb56d8b909f9d8b9dc042752d8d224b6c0389b16b929a14f391d95
1757484747,0xdd82d94f1e10ded199d2bc4cb7bb91c81369b3014bc5dcc1cea3cd777a0b96ea,0x762e113b2f19a40288ae4539dd0a534640481c25,0xc11283f46074f0afd7f765846be19ed16ee416c5,buy,buy,sell,0.6172,824.73,1336.15,0x4e409a4329594f55912b506a498e48dd81d2f0c272f676966eeb5d9bf496ae38
1757492246,0xdd82d94f1e10ded199d2bc4cb7bb91c81369b3014bc5dcc1cea3cd777a0b96ea,0x03583bcfd8e93cbcd0b1896bcb9eeaaf94ce3fad,0x287ef256001de6de5d502704a0757e7c7200f831,sell,sell,buy,0.6020,80.40,133.57,0x170c6bc485b333f1bc824db1e4a97b080c0cd5c11ad11f45cbb12b9f6d106a8c
1757494316,0xdd82d94f1e10ded199d2bc4cb7bb91c81369b3014bc5dcc1cea3cd777a0b96ea,0x279d68470fc93dd1183947f72d8665b91868f6d4,0x91de6aa6f95f1cd097b0e156f1739532678ba0a6,buy,buy,sell,0.5899,568.32,963.45,0xfb4eab6e3ae2b8faedae515c2a18dff2720cc6cfb95778c8a972c07d51ac7bec
1757502376,0xdd82d94f1e10ded199d2bc4cb7bb91c81369b3014bc5dcc1cea3cd777a0b96ea,0xbb1a51baea0e64473050d2527585b0cd600b74e9,0x67ea533146b06328914f73c2f1e71f208d8952eb,buy,buy,sell,0.5828,942.94,1617.88,0x652c5d7def80a40a2c51d61f21eb7e07023a96d090c112b2c88cc05700ab1d61
1757516068,0xdd82d94f1e10ded199d2bc4cb7bb91c81369b3014bc5dcc1cea3cd777a0b96ea,0x49f96e9f2ac76939a673a52e482443346bba1472,0xb8f2d2af9abb0d6f25734abc2621601947a28712,buy,buy,sell,0.5780,100.76,174.33,0x077d2bf67b612d9a87ec279561c13576feb711ebd575ac9ad600d652e97f8a37
1757523986,0xdd82d94f1e10ded199d2bc4cb7bb91c81369b3014bc5dcc1cea3cd777a0b96ea,0x01ae0ca94cbbf8fbc99a69f0ddda56ba2aed1a3e,0x6b54028253ad8afc84735e2208aacf6c28fc3565,sell,sell,buy,0.5555,861.12,1550.07,0x8c2b2afec74636751abc834212841105a6c465f10b062d2ddb547514d12d696e
1757527075,0xdd82d94f1e10ded199d2bc4cb7bb91c81369b3014bc5dcc1cea3cd777a0b96ea,0xd81cf6df6e28a3ab3df2658692c05e03ef858574,0x00a8e1bf9dcc20513d6de58b45118da24dbc77f5,buy,buy,sell,0.5552,71.27,128.38,0xf129e730015f28301a57afdc61aac72b20a7f8fbc58c4fe69047c649db880186
1758259168,0xb904359d887501442407dbfe21e906f325ac7136e72834ef6411366a7ed04ff9,0xf3cd8e9c96cada894e7e8d1632aba898fe43d9e6,0x29d7f07175b63962d713a5a356d88fb856fa510e,sell,sell,buy,0.3631,659.41,1816.01,0x66d0019895cc448bf14b2e3709608479ab7e19a6ce05f3b94bd0bb95b6658ce2
1758269937,0xb904359d887501442407dbfe21e906f325ac7136e72834ef6411366a7ed04ff9,0x2a443892043a5af18d07bf291f72391ddbc80d32,0x69ed60d1678e3433c96cd6534e180bab3b343db0,sell,sell,buy,0.3452,201.83,584.66,0xd899e31555f6666d2a4c4a09e02213a5f1d4920e5b3248fb3f9584929091c7ce
1758274479,0xb904359d887501442407dbfe21e906f325ac7136e72834ef6411366a7ed04ff9,0xde4fd14b048074c3cb57d5bfd1c76889c3e332af,0x6a7532d7f56c4e738494de648f14e11b9a33579b,buy,buy,sell,0.3310,444.73,1343.67,0x20b0b2324b80f35aab80ff5a5c9ab198e02da83c5817d743f9641ae5b69481d0
1758276787,0xb904359d887501442407dbfe21e906f325ac7136e72834ef6411366a7ed04ff9,0xdb0d15dbc2dca211ee91ca5972339f29fdff7c92,0x9fbc28536460a998916c8111eec481142d1996cb,sell,sell,buy,0.3153,299.84,951.03,0x3db1ece043787b558e163d48d15911e0f79dbf05a5be63877078da15d18b4ff0
1758278653,0xb904359d887501442407dbfe21e906f325ac7136e72834ef6411366a7ed04ff9,0xdeef626b75dd026dd6a0c33c2d19fe1cdaecb55b,0x34b7519e6d54f23b890fe2b8618e383fed5029f6,sell,sell,buy,0.3379,109.19,323.10,0x6ad9c2dc1d64beb1c00c8992c5f6069e683cbf1e3b1cbb48dee727738aa24a49
1758290939,0xb904359d887501442407dbfe21e906f325ac7136e72834ef6411366a7ed04ff9,0x9b51304a15254d6ed4eb64bcbca29637e0612e1c,0x26bb2562d2ee41540cda447601eb631230ba29e9,sell,sell,buy,0.3417,297.04,869.34,0xc78e3e846ca8079a28ba9ea78fac167653360ffc78c8c1c0d13ae12fcbdea581
1758301459,0xb904359d887501442407dbfe21e906f325ac7136e72834ef6411366a7ed04ff9,0x71d340671b99e446e9d9d3013a1f3cf94d59fe1b,0x4dbbc7ff10e46de31be52ba93ae2bbdb196c8412,sell,sell,buy,0.3483,797.69,2289.94,0x43387e82e345d1372dfebaa56cc9e1531e4e1de996520977ed63064d8296b7e0
1758305437,0xb904359d887501442407dbfe21e906f325ac7136e72834ef6411366a7ed04ff9,0xd43a2c556739a3217cd86a88a5022ddc99ac572e,0xff269eaf3cdee900d4519b6cf21864d641bf683f,sell,sell,buy,0.3720,512.34,1377.25,0x14138c2731925b540b2665f0ed275b5b17146c8bd99b9856538fa84f58677cda
1758316213,0xb904359d887501442407dbfe21e906f325ac7136e72834ef6411366a7ed04ff9,0xd0312ff2cd2cd302074d6c96b3c446439552596e,0x1eac6925fb52a1cfd4a6fd4e7d26dd8c926917c9,buy,buy,sell,0.3746,609.03,1625.96,0xc58617ef6fb819c4c2cad8ef77ed8497be4d028da553c1b65ed03b94060ddfe0
1758323513,0xb904359d887501442407dbfe21e906f325ac7136e72834ef6411366a7ed04ff9,0xd145ff4494bbbf6c16b9f03781a09aebcc6d79c4,0xaa0d2499aff22afd1f051d07be1a07ec085ce56f,sell,sell,buy,0.3953,261.62,661.76,0x246f170a4b6af72d78a50e3b336587db7d138568b018fe7e81f95d73128931e1
1758327926,0xb904359d887501442407dbfe21e906f325ac7136e72834ef6411366a7ed04ff9,0x5ccab5eff0afb08e327e637e893fe43eee778013,0xf2d7b799540f534cd270fbe0df43e62ee8f36ccf,buy,buy,sell,0.3908,770.00,1970.09,0x00eb29fe12f0a6d0827c4466508f76d159f345695b867b020dfb36c3b4bf7e44
1758342172,0xb904359d887501442407dbfe21e906f325ac7136e72834ef6411366a7ed04ff9,0x54844012a88701ab1b739350a21342f7f3061a94,0xaaf7f7678a057ef98674e15f67155a4dacfd5298,buy,buy,sell,0.4002,96.00,239.85,0x2cb85e4e1979905f340334e54d60235319e730724373479a8f40cc65c0bcbc3a
1758355168,0xb904359d887501442407dbfe21e906f325ac7136e72834ef6411366a7ed04ff9,0x7e2ba70551936f7072a9d734d4a309bc6f8f1500,0x77f11b2791ea7f004d270cc73090ce7359522f47,buy,buy,sell,0.3959,307.32,776.23,0xf3396df1b22e0244cefd6843f244caceca71de69522d4600165a7f4482d88df4
1758360140,0xb904359d887501442407dbfe21e906f325ac7136e72834ef6411366a7ed04ff9,0x996b8ae4d0d037d1ce561dcabf34ed79bb573635,0x50e8f28c673bd80a4f3a0918195a0c4f463fd6d2,buy,buy,sell,0.3721,912.25,2451.32,0x0bb96800f603a32dbab9a6c378cf6e09e1eb354aa9c69bd39ffdc3284659a9db
1758362453,0xb904359d887501442407dbfe21e906f325ac7136e72834ef6411366a7ed04ff9,0xbe5b2826786efafb89a2febaacc0bc81119ac28a,0x8ceefce41f13885d325f514050344ea4e04f3084,sell,sell,buy,0.3958,863.82,2182.31,0x2af3623cd3d778c6c51add01d745c9c151e8a71f1a77a5b00474258c381928ac
1758365220,0xb904359d887501442407dbfe21e906f325ac7136e72834ef6411366a7ed04ff9,0x45c223f7aa1a611015e94493b47b33d1e3091864,0x4608682f87dea9ae9c008178bfbfda1eef80bf44,buy,buy,sell,0.4106,447.93,1090.81,0x1e364bb1519a955f069e6c86f6fc5fb4e55fc46fea373b294767d3d28de165de
1758367810,0xb904359d887501442407dbfe21e906f325ac7136e72834ef6411366a7ed04ff9,0xfdf55a9acfd4dba4922195d7c48bbf69c94e7bb5,0xe36d2792241a53aa4d1fef9ef34fc1e6a0aea813,buy,buy,sell,0.4137,339.37,820.32,0x601a957b09846f9dfa56c872214b74bb187f8d9f9b677ab486e6c10713de8054
1758373006,0xb904359d887501442407dbfe21e906f325ac7136e72834ef6411366a7ed04ff9,0xf9dafd1845313782822e64522aafa2510bc5f35a,0xa686e59fabcbb531ccec0d49997693427efa23a8,sell,sell,buy,0.3955,935.03,2364.20,0xe88606e3a2e742624f580e54155be4a7adbab9c7e8d0eddc0e10bb6eb0bc8824
1758384030,0xb904359d887501442407dbfe21e906f325ac7136e72834ef6411366a7ed04ff9,0xc031abf9f0c9b08bf537ad06d0690dbd8f8fad80,0xae3f589febe570a32d170df7b336c71acadcd26d,sell,sell,buy,0.4152,766.15,1845.43,0xe0d596a53457d5bdd45204a34d53aaa974d7c2820d3a3fe0550fc59bbdc196d0
1758388320,0xb904359d887501442407dbfe21e906f325ac7136e72834ef6411366a7ed04ff9,0x579746784d7028baee033809907bb3424e64f622,0xc1a1aab05558ca5916eb7a33b0f3360f7f099176,buy,buy,sell,0.4049,470.63,1162.29,0xe032c957b778f126275677cc7b58ebc417963ceb5786be656b09c0cf24fd4206
1759584824,0x81875013bd62bdd2bb317c83ea285b52d575c380f3c8974dd2c5a3bbd87088bd,0x2c9990bb701151e77b7ba7c2f621abefc28546f6,0xae5ddf52a7c016b2948270c98ac5ac16ce5f1636,sell,sell,buy,0.5787,652.59,1127.65,0x6c026c177da792169d4532e961bddd914d1e3721928a0fa0ff12174b06ec73a4
1759594930,0x81875013bd62bdd2bb317c83ea285b52d575c380f3c8974dd2c5a3bbd87088bd,0x0b369d9cc26ce708ad3ca591973670b8f2b8e379,0x60de2271afe021312f70a986b69d924c51fef437,buy,buy,sell,0.5860,16.21,27.65,0x6deaf790132ffdc2f526d81ef797a20ae0335efff85e67d4d3630913c4160d1a
1759606519,0x81875013bd62bdd2bb317c83ea285b52d575c380f3c8974dd2c5a3bbd87088bd,0x70603cd051870d4b8db61f765a59d55db8992339,0x73714f29803542dddbb3234dfbad97280449478a,sell,sell,buy,0.5709,838.71,1469.03,0xd671f12b7b05c4a418c3ad0d049cc3f3bcc9320578a7f5578f5738032412e5f5
1759611113,0x81875013bd62bdd2bb317c83ea285b52d575c380f3c8974dd2c5a3bbd87088bd,0x3e79a890a6113510d947fb7d54fefbfb7cec6780,0x33597f8045c42a20ef8760c2c4e2b332d00eb7e4,sell,sell,buy,0.5727,89.38,156.06,0xd7704d04412ff619d63b4acf53ae2c9ba99359da829d1c30dc6d0c1993c4242b
1759619298,0x81875013bd62bdd2bb317c83ea285b52d575c380f3c8974dd2c5a3bbd87088bd,0xb9f866e327a160d68515f91e52f953ba5daf0b3c,0x062e3852e4e142141a0facf1bbce3b06fd46a1f6,sell,sell,buy,0.5975,49.66,83.11,0x18b6e3e8f8c05d79b79574aa70f157838a5d0145da7516c86f26d728825e17f6
1759632983,0x81875013bd62bdd2bb317c83ea285b52d575c380f3c8974dd2c5a3bbd87088bd,0xc9238153843da9ea2e82bb99e8f9750272d34a68,0x94c2d07c516feba08c5d356ab20937277ad4e6ce,buy,buy,sell,0.6133,18.71,30.51,0xb828572800aa42bf3c015ce0e820cc8e85e4d573272157f98dfa32affa220582
1759636904,0x81875013bd62bdd2bb317c83ea285b52d575c380f3c8974dd2c5a3bbd87088bd,0x32f14f2a5d0b5e3bcc0700c91521ae4b8b24f2da,0x53025cd74ef1b881a47eca994bbd648c447b730c,buy,buy,sell,0.6124,149.49,244.11,0x51c940415507c1c7b40c9a049be6511a3796f7f47bf0415f98033bd856cfa615
1759647112,0x81875013bd62bdd2bb317c83ea285b52d575c380f3c8974dd2c5a3bbd87088bd,0xa8e33ac3c9daf887f599db989b47ee192e068f26,0x5a96101b3ed6bdd116dbea77adbfd6b6adfd3771,sell,sell,buy,0.6223,487.59,783.48,0xf774d749e0e5320370532ebdbaf7ad22f2a16f124520fbee2959a113179817aa
1759652327,0x81875013bd62bdd2bb317c83ea285b52d575c380f3c8974dd2c5a3bbd87088bd,0x34b2d419bf7dc1d3903f98db5cc87b2a16d131c7,0x280a769cab36d70c62950fd215a750f9eeab8d6a,sell,sell,buy,0.6296,516.74,820.74,0xc2e6765e9d57eda5dabe8230a0d8ac96237e020cc57716ddd8e4075ce6690cd9
1759666303,0x81875013bd62bdd2bb317c83ea285b52d575c380f3c8974dd2c5a3bbd87088bd,0x6890a60b04bafcf306280d88e11a59fed77ffc44,0xe2f5fd281f8133ef26e288572c0b2eca2ab453aa,sell,sell,buy,0.6284,883.92,1406.69,0x6ea3d7d7fd0825ba37d61b7a86c2856e4892fe60e5ac6e83589ca6a15bd62f74
1759679804,0x81875013bd62bdd2bb317c83ea285b52d575c380f3c8974dd2c5a3bbd87088bd,0x343fe363aa1bda22af7ec841f83c4e90ef6e3fc3,0xfb8e228627727651d85f3ca82056f1472f47b219,sell,sell,buy,0.6387,516.60,808.79,0x2a724c44c4d2c8b02e9e902f8089e3673205805077ae841f75ce14039f0c41ce
1759689081,0x81875013bd62bdd2bb317c83ea285b52d575c380f3c8974dd2c5a3bbd87088bd,0xe618a8f0269aa07cf071818bde3aaa2536bb67eb,0x595450bf5b4f5a60510a21837be1fb3280c7dd92,buy,buy,sell,0.6158,352.72,572.78,0xb79dafc75eee9e56025d801c685abcc7c0e615c3d3d6dc45f75086d945363c76
1759697411,0x81875013bd62bdd2bb317c83ea285b52d575c380f3c8974dd2c5a3bbd87088bd,0xd647e56def0445a40e3adc82961d168943ad71f0,0xa1193fb3541e7ae6089f12db5ed88a36bac48791,buy,buy,sell,0.6110,354.66,580.44,0x630d3eb46db30d1fb51f50ebea7def2bf6f60081e8ba7ec48d88060f2979f65b
1759710409,0x81875013bd62bdd2bb317c83ea285b52d575c380f3c8974dd2c5a3bbd87088bd,0x90e0bb710c9442953ecf1807a04efe3365d81d8f,0xc2fbe2fbef854a7b8dc3fbf2496de26bcd711513,sell,sell,buy,0.5991,785.83,1311.59,0x530565c137e41cc5982565d2a3bc435441656ea7395ddfbac3503e065d5d2d46
1759724050,0x81875013bd62bdd2bb317c83ea285b52d575c380f3c8974dd2c5a3bbd87088bd,0x13cb26a1c32f9c881ea0efb460f691dfe60349f8,0x3f78f61648fa78f58df08d1508b18f307eb24046,sell,sell,buy,0.6142,477.05,776.70,0x45228b77d4b7ee4c180fd68c65a0bd26d560e87886da045961568b15541968c0
1759733813,0x81875013bd62bdd2bb317c83ea285b52d575c380f3c8974dd2c5a3bbd87088bd,0x9603040e834d5164493ce4d2c9e8fdc364ef081f,0x8ed7421a4a0dcd90bddaa16ccef18f51e1914063,sell,sell,buy,0.6233,328.73,527.42,0xa28e0f6a9a2b406325362caf00777e8aa3b12e6bfa35b48754a9af82bab17818
1759737940,0x81875013bd62bdd2bb317c83ea285b52d575c380f3c8974dd2c5a3bbd87088bd,0x186647b77534b564d699c0d08d032598d7cb3925,0x54837f2ab84c59e7250af27173ee3b0a34463344,buy,buy,sell,0.6044,466.63,772.04,0x6649d1038d21103bdca5d66aa6aa0ca65303d91ba34f1e19463fd9dadcb721fc
1759744802,0x81875013bd62bdd2bb317c83ea285b52d575c380f3c8974dd2c5a3bbd87088bd,0x16180f7f147b0dc66cab0f0766dc7dbf3dc54da3,0x01ef8b7db6636d665cae822a9905d69bf9a7f718,sell,sell,buy,0.6137,415.00,676.27,0xb6c3a471fc4dc9ba003f21e2cd39f1f8f1216e6fba39aea86daf66deabcce091
1759754601,0x81875013bd62bdd2bb317c83ea285b52d575c380f3c8974dd2c5a3bbd87088bd,0xa6ace0c068280698e123f2f1027de449f48dd6c5,0x69f495440cf4368552cdce4ff58c202e5efa7528,buy,buy,sell,0.6147,833.73,1356.38,0xe54c53c39292f1f4d4a2a96ac7817baaa9b60f2ff3689ad96d8b37f98e32d3cd
1759758319,0x81875013bd62bdd2bb317c83ea285b52d575c380f3c8974dd2c5a3bbd87088bd,0x02e7d8d9b4b35827e58107d7284b2620a757f1ee,0xecd165b4e05e3c7bc7e6c0473c1f17ccf983a684,buy,buy,sell,0.6165,796.16,1291.40,0xa94f66fd96268e3b5155bf6ef83baeeb306a3cf6056b4deb64b49ebb50baddc7
1766409501,0x87be00ea53c3ca1e839d52e35fc467ee1aecfa85e96611519fd744b640461eb4,0x83fbbdf50046e0a3cf88d802b469bdf37793e0c9,0x818fddcb06a6273ca10f3ee750f0f4c50ac355f5,buy,buy,sell,0.6557,265.15,404.35,0xdc1ae02817e70d18660772b058475bcd8e04e08f2b9ac2b3d3c667c0850c207f
1766414242,0x87be00ea53c3ca1e839d52e35fc467ee1aecfa85e96611519fd744b640461eb4,0x6574b5cc0593dba93a3c6acc6d7673b5ddb17375,0x07949a1b0b3242d1008c0758529aabf822919cc5,sell,sell,buy,0.6339,110.94,175.02,0x1893c3ad378bbd6044d9fc923c1f02e09e89297c6b3bd7a2237cc021f6d1223b
1766428109,0x87be00ea53c3ca1e839d52e35fc467ee1aecfa85e96611519fd744b640461eb4,0x283fc727105029127b80cda21d521f14db4234d4,0xdc3a049cbc149ce415c01c95f6c71004b4b727dd,sell,sell,buy,0.6266,223.33,356.38,0xfc6a0ac393c7a6354f41e7c0af264d88650d0442d06c66c71ff207d0f7e9385f
1766435080,0x87be00ea53c3ca1e839d52e35fc467ee1aecfa85e96611519fd744b640461eb4,0xe13648ffe9b994405e8064b38af8b0c29db39a41,0xf37bcd08c4901f36be31c9199764de0245c77a61,buy,buy,sell,0.6132,598.55,976.11,0x0c477b4e743911a7518384dad91889aa6bc0187743c1d1b380a4bcf2c9b60ec4
1766447955,0x87be00ea53c3ca1e839d52e35fc467ee1aecfa85e96611519fd744b640461eb4,0x197780ec9f329b7373d104b88d7d6a8c9dc7dff4,0xb29068babb8e693fadcf8f7b23cf79bd422205ed,buy,buy,sell,0.6357,273.72,430.55,0xe39a1feaca16fc599c5ea8267c79c4f17b123b0a31afdc636809d32b15dfa9ae
1766450847,0x87be00ea53c3ca1e839d52e35fc467ee1aecfa85e96611519fd744b640461eb4,0x2cf4403d64ccf64b8aa84471430917e122ec29ba,0xe345269eccd925ba97c9d8be9e325cbdc0517bd7,buy,buy,sell,0.6195,954.11,1540.10,0x466f1b022f941417211f90f4ebb17c4d2aebc7e5d7e023013d29aa1bcf5ac245
1766450921,0x87be00ea53c3ca1e839d52e35fc467ee1aecfa85e96611519fd744b640461eb4,0x8353d04c2c2e60a70f12c7a93d09a4d01856daed,0x365d151afbf958f4c4b63de7ce4ecd93a2ae2fbd,sell,sell,buy,0.6113,733.36,1199.59,0xf83e8cde90cb4a6674bcb02c19141921f61693b224c694930e6ab2e1ff27c2a0
1766456437,0x87be00ea53c3ca1e839d52e35fc467ee1aecfa85e96611519fd744b640461eb4,0xbf877fa9c37ee00dcdfa8f076408d058b2e728fb,0xed0859d12ad2deb6f01e66091ba2f011015a0022,buy,buy,sell,0.6242,821.76,1316.47,0xee7406d998d95f35eca19f66e74695bde530c9e9a1c348f3cbfcc3a547ceb1d7
1766466324,0x87be00ea53c3ca1e839d52e35fc467ee1aecfa85e96611519fd744b640461eb4,0xdd611e3774214e10932e991e2b8f0d805a7222b6,0xbe4fcd86bf419a7745c568775ff42af4a8f40590,buy,buy,sell,0.6304,975.42,1547.20,0xee2e085d980a369a315e46b47b5c9c777365f1f1c4243822db5e1887cab2a9a6
1766470588,0x87be00ea53c3ca1e839d52e35fc467ee1aecfa85e96611519fd744b640461eb4,0xfbed7f050a2d50163a17b44b666bdb868d383087,0x161cadd84ad3dbc84688cdd54088c91ba3251dc6,sell,sell,buy,0.6102,910.10,1491.43,0xf5b2a94dc76fd7c8ddbd728e187d098af0249e2ac95f7518eb484138b596f57c
1766484256,0x87be00ea53c3ca1e839d52e35fc467ee1aecfa85e96611519fd744b640461eb4,0xa1dc5e7d75c0b34c2dba78ddcaead36972b47e9b,0xdbd90c109a7ed6b5a6b8c9dcdbc9d33d96932e3d,sell,sell,buy,0.5883,53.30,90.61,0xfd534f8ca097530c26ba1c398d3195a9e4bf1fc0c8d83e50546eff3f875bfa07
1766489366,0x87be00ea53c3ca1e839d52e35fc467ee1aecfa85e96611519fd744b640461eb4,0x53ce487a73923eaf8088b2f6ee5a813188ef4941,0x4f91985133dec485dba5ff558e2b6d8690c40c48,sell,sell,buy,0.6109,356.87,584.14,0x58c7d818b3edf486045b905b77d9eb05867ca773fde927a34c677b09453df049
1766502556,0x87be00ea53c3ca1e839d52e35fc467ee1aecfa85e96611519fd744b640461eb4,0xfd6cba560418c0482196ec2a096ad37775230d5e,0x0fa9a8ca4246f431a72ab81e0a3643c9b7b6c71f,sell,sell,buy,0.6005,408.30,679.92,0xdcc8d96f12239e10270220b69cf3b2f9d15469a895a0fc92984359ab6910928b
1766515496,0x87be00ea53c3ca1e839d52e35fc467ee1aecfa85e96611519fd744b640461eb4,0x85134ae663e2f8d3273cb31fd7cf0cbdd038576e,0x9212d8f2e5a5946e37ae9534646ed973d8c81eb8,sell,sell,buy,0.6019,311.63,517.76,0x3c1865ef721de9118f7f12799d829a83c0da2ccfba1ade3a14f1142e1cfbef99
1766520487,0x87be00ea53c3ca1e839d52e35fc467ee1aecfa85e96611519fd744b640461eb4,0x22bae5ea079053f1f0edaf38fa281c303ed13589,0x4b678fb038c409c85f51158b8503d4e147a564c8,buy,buy,sell,0.6222,342.14,549.85,0x1197f5cd51ce17c6a5a81d67a1bf83c0d638ee8a03cee15162016262b255e995
1766526703,0x87be00ea53c3ca1e839d52e35fc467ee1aecfa85e96611519fd744b640461eb4,0xc3c4a8049b7d888d15c3d510b0d8a007a33b4e80,0x2bca4410884c036668ca012c270a6a24b05cb602,buy,buy,sell,0.6388,572.47,896.20,0xa993db5a19fb2df81d87345b1b561540c9475e866ec43857f4d062065d432f81
1766536576,0x87be00ea53c3ca1e839d52e35fc467ee1aecfa85e96611519fd744b640461eb4,0xfe7d256d7d2f25395d9a0d694bcab74acbf602e2,0x30ae06a73a4de70abe34ccfd695810101c487990,sell,sell,buy,0.6390,639.65,1001.02,0x3de4fcf4504e18cd36cf21b9b1d0288eb6457ef7c4ff1b606651fa28531bce83
1766546986,0x87be00ea53c3ca1e839d52e35fc467ee1aecfa85e96611519fd744b640461eb4,0x7b26b726804340a8d3eb7938b80299e487b727b4,0x722deb6fa5dc7f853cf0cf32157953d008cf0a0c,buy,buy,sell,0.6260,189.37,302.50,0xaeac44ee53f18f68ac5fff92aa04f74fed987cf56136ae3814f08959d52d40fc
1766556705,0x87be00ea53c3ca1e839d52e35fc467ee1aecfa85e96611519fd744b640461eb4,0x9d4c2b50d71f963c7292609d4c960d47f3515d5e,0x039f64a26a7f4fe5185e64ecd82df1adc557e831,sell,sell,buy,0.6500,119.00,183.08,0xaa9d36b5cae8aae6b332ed376f6309553b1c0038b22c7e8de78438b62d37274b
1766563164,0x87be00ea53c3ca1e839d52e35fc467ee1aecfa85e96611519fd744b640461eb4,0xf1fc6ccebe181511e5e475e063acc7e5af62d3d5,0xc1aaf5090f3fad761cc85bd389136f62c702f019,sell,sell,buy,0.6509,110.10,169.16,0xaee9e293ba0d3ff336959aa98b4d673d995d509c6476fd24cc7fe02884994d9c
1760223420,0x8fd76e9f98ae995c70b38072652e3bb1897b54ae5a82cba59cfec7e55a4f700d,0x034050f95ef0b4ba3f2c9a55a203e59b9cd87aaf,0x5b437c887411c384319e8a5335681b442eb9d618,sell,sell,buy,0.3361,505.26,1503.44,0x676bae50524a99de7b72e5fa73a46f9cc9ffb058557f87299a6e22aaa0023028
1760226561,0x8fd76e9f98ae995c70b38072652e3bb1897b54ae5a82cba59cfec7e55a4f700d,0xe846ca2216ad0f1ef6d8ba6bfbaa12c6d195af07,0x8d4521d3c00b7accd1b4ef40da1afd54dc88220e,sell,sell,buy,0.3492,238.59,683.28,0x25e231c3267dc2e474b2c4c2e14933dc77395fc6726273aecb243e2572f2d9bb
1760231136,0x8fd76e9f98ae995c70b38072652e3bb1897b54ae5a82cba59cfec7e55a4f700d,0x9739e0a5ef07fd98205c467d68d2f2448f10a8f6,0xb92fb49799f5aef927e3a7ce1aaa39ac80c3f866,sell,sell,buy,0.3740,593.04,1585.57,0x8a8e3575ee922b0e050a067b4014d17b1911122c9152905f12b9db7fb7bf7243
1760239469,0x8fd76e9f98ae995c70b38072652e3bb1897b54ae5a82cba59cfec7e55a4f700d,0x8bb9c70ad98e1b15bc60739b2844f3ab5c091d65,0x2c7f380bd0d9ddfed0528caa05819ee6b7728af4,buy,buy,sell,0.3798,638.19,1680.20,0x237033e449dc20cc8ca0d9ddf3b6ceb1f12105f32ea19b9f9e4f983964c980e7
1760249967,0x8fd76e9f98ae995c70b38072652e3bb1897b54ae5a82cba59cfec7e55a4f700d,0x9add0c46d9705ce241633825f9fb70308ddbf449,0x22ee30c7fe2e36a11a4e4241a802559afe6272ff,buy,buy,sell,0.3670,149.24,406.61,0x5f9fa4c47a5dd933ac3feb618890414f403aab100c41ed2468b27b53349c4bcb
1760250217,0x8fd76e9f98ae995c70b38072652e3bb1897b54ae5a82cba59cfec7e55a4f700d,0x937d4ac0a4e750cb7582293780e8316abd356ced,0x867b0a011b106185ad83ab4753e4f8b5ea270b33,sell,sell,buy,0.3726,264.23,709.19,0x0422b45aa526c5f3d4f6cb46456020e82a43cda2a703e444f585a7c8a596cf1c
1760263987,0x8fd76e9f98ae995c70b38072652e3bb1897b54ae5a82cba59cfec7e55a4f700d,0xc38fee8fc997022ce78092cdb20bb2b33e9b9701,0x8bb00208cf5ee842acb9c1658a5f9ae46d760f6d,sell,sell,buy,0.3587,340.97,950.46,0xe991f4eb9afa79d6c5b1ca788f15a7d3dc5966de708ed1511ff3869d19fe22ff
1760267157,0x8fd76e9f98ae995c70b38072652e3bb1897b54ae5a82cba59cfec7e55a4f700d,0x8a8cedeb867e252c15deaf749ccb0cdde187d57e,0x28c04398c9a5e6ee4c80e73e1f9414208b8aaead,sell,sell,buy,0.3483,1002.40,2878.30,0xec89bd01c499df9005ba49ba7e06be87bbafda7befafccaf887ef639cade805f
1760276150,0x8fd76e9f98ae995c70b38072652e3bb1897b54ae5a82cba59cfec7e55a4f700d,0x7bc42f7b988b18a7785c8b4516eb2a4bb7e4e2d8,0xa24b89d33266f3179aaeab5f8af98728e3826181,sell,sell,buy,0.3472,626.72,1804.93,0x81e5c3df78478e10ba259f5124b334c69ee8e1cac0f74a529d51e6fd54044e21
1760286218,0x8fd76e9f98ae995c70b38072652e3bb1897b54ae5a82cba59cfec7e55a4f700d,0xbb73e2115bbdd7717849c504ab482b6e25a835c4,0xcb5554c2e55f26fb280134b79b83e90ff2fe3c9b,buy,buy,sell,0.3381,514.86,1522.73,0x44a4d65bb4b93bc43fa8e2e2b7bbfa1d3eb34197da2f703ce6955af0a7906906
1760292910,0x8fd76e9f98ae995c70b38072652e3bb1897b54ae5a82cba59cfec7e55a4f700d,0x0b757c3079d3ca2e61703178afe445083b9f962e,0x7e0d1c02ed8e6dd467674afb1962ca1e03195192,buy,buy,sell,0.3231,351.08,1086.47,0x0f0c5c32a8737cdf9f27c2f191122706cba461c5950922a348e9c5d3af0ebb5a
1760293648,0x8fd76e9f98ae995c70b38072652e3bb1897b54ae5a82cba59cfec7e55a4f700d,0xc3a6a7c2f357651faea2c76761f759ffe2783582,0x29e29af3a2712350f593347614b65c4bbf72b36e,buy,buy,sell,0.3323,919.50,2767.33,0x25cd0a060920e394b16021d045a3dfea07129c126d474e0a2960088dbfc65eee
1760299180,0x8fd76e9f98ae995c70b38072652e3bb1897b54ae5a82cba59cfec7e55a4f700d,0x37f51203e89caea7956a15a2c5827280e637f0f6,0xcff7a7172b31b300fa68277798c9fca3682c4a30,buy,buy,sell,0.3202,411.85,1286.09,0xc5b2016c91def5bc1c310390c9cfcd662c79b5d9178a355ea775901dbac33b01
1760301080,0x8fd76e9f98ae995c70b38072652e3bb1897b54ae5a82cba59cfec7e55a4f700d,0xba4a246cfeca3f1996776aea09b35d5b66ec8485,0x607d4617bad7cab5d9efed7eada881667cdfb67d,buy,buy,sell,0.2996,96.13,320.84,0xcefc9ec8be699fbe518dd6dabdd5a0d1e0c4df314a9a0b82a1fb943f41312242
1760304326,0x8fd76e9f98ae995c70b38072652e3bb1897b54ae5a82cba59cfec7e55a4f700d,0xdcf0ddac82553051bcb0992e40f17a19457d6160,0xf005ece12d52a584144adafb0a19f3ded5133367,buy,buy,sell,0.3201,525.69,1642.35,0x71421a2fa93dbf456a8d530ca2bb44af66f6f0eaf6258fffbb5b1e37c6ee93f3
1760311862,0x8fd76e9f98ae995c70b38072652e3bb1897b54ae5a82cba59cfec7e55a4f700d,0x7b4756dd6346ef0eac69d723e8022e1620f4840e,0x6286a962bae7b4802fc0ff3e920b3097f3a4813f,buy,buy,sell,0.3206,857.95,2675.90,0xed988bd85d7b452ecd9d42a5d4f1c44cc8e7f27fb2392e3ab5b15a1fd9f657c2
1760312294,0x8fd76e9f98ae995c70b38072652e3bb1897b54ae5a82cba59cfec7e55a4f700d,0x87916dfe5533b553871ceeaab30585e3d2e6a647,0xd287bf4bf45b93f7b5d00d6bb06d7a8c84efa8fb,sell,sell,buy,0.3214,755.34,2350.11,0xa06f1153bbd7de1e59299a534d5a61d84b8049963da78da09caad0865fac4e2b
1760324843,0x8fd76e9f98ae995c70b38072652e3bb1897b54ae5a82cba59cfec7e55a4f700d,0x80a469f244fb1a4a0a7b833125fb6f6e4646e306,0x621bee4f1410bf31fcfd9e8ad780fec1bb0c33de,buy,buy,sell,0.3068,439.60,1432.67,0x152a44da89b14dba19718dd50cb282ec513f9dc86ac1c6aea4cd0138513a0fba
1760331033,0x8fd76e9f98ae995c70b38072652e3bb1897b54ae5a82cba59cfec7e55a4f700d,0x754d24d70e9b03c13d3dc16dee20f8098a0f61a3,0xac3bb9db46466b607d49258931b6fd4e536b261b,sell,sell,buy,0.3088,424.64,1374.99,0x9671eee243b0442d266be3b5b828ebfed8794c1f946bb99353671cf5913a1c0c
1760332229,0x8fd76e9f98ae995c70b38072652e3bb1897b54ae5a82cba59cfec7e55a4f700d,0xb71e9f67e3c706878761b4132abc3afa1f043459,0x87aebdff24f458fc82304a2e285435f9fe904383,sell,sell,buy,0.3316,564.80,1703.18,0xaaca459675c8aec138fccda422492f5f41e26fcc15e0667f1c2d35b989f3acbc
1765272060,0x46066a1e9e9e3fc43aeebef7a559d56e0bdc66a63f776536a437a3860b247c21,0x9918512df1f038ff3c32f27ef393cb771112bd4a,0xfdaafe9eb37cc6616190a9238d255a9a123f8a14,sell,sell,buy,0.6478,545.55,842.21,0x8797bb21018acc52a202cadfe8782fd3149b85843d162dc2c94397bee0524377
1765282643,0x46066a1e9e9e3fc43aeebef7a559d56e0bdc66a63f776536a437a3860b247c21,0x3b274581293146932e44c0f8f59186997117d812,0x911f72c2da8f7b3a5567df0cf0dc06f3c773ed48,buy,buy,sell,0.6513,592.47,909.64,0x8f84c24a1a64c3843eb406e7b1f622ed3c642a8000d7f0665f9019ec889f5e14
1765286677,0x46066a1e9e9e3fc43aeebef7a559d56e0bdc66a63f776536a437a3860b247c21,0xc1188d10c8bad00c64bc861216fda3010bd2afdf,0x8149eeac9cb3085c9e547410cfc8f4cd82049386,buy,buy,sell,0.6731,452.15,671.70,0x8554ed7416854ec0a6634ac0c913be5e41e4e52a7d5410cbc8081ce7130b708d
1765289731,0x46066a1e9e9e3fc43aeebef7a559d56e0bdc66a63f776536a437a3860b247c21,0x3fb17473e55f0d96b2e7343680c294ea7b491a99,0xff21ebc1a35000bdb78d6dd3ad6882d120315b11,sell,sell,buy,0.6621,656.70,991.91,0x2fec6eb6e09df546c45b02809b1cddff6fc48a0a104df5b24869ebbb05bee94f
1765299534,0x46066a1e9e9e3fc43aeebef7a559d56e0bdc66a63f776536a437a3860b247c21,0xd537d06c6e6365dbbf19bae45b89e9578f6463d8,0xe02b5505c6b6d2a2251cae1554b2507c3c8b0985,buy,buy,sell,0.6719,574.21,854.62,0x5a786b12afceb68fe70831a7dc753de76d751f01b4d478277413e0a2fce948df
1765302235,0x46066a1e9e9e3fc43aeebef7a559d56e0bdc66a63f776536a437a3860b247c21,0x34baac4ad2f21e8a3ca31a4f1af0e7f8a2451411,0x3188e7cc699e8361ae2a01b838f76673eea6baf7,buy,buy,sell,0.6558,975.09,1486.83,0x2d558ea0e5c256f93a5eb066a7c480ecea22676c417fddc196d712b3b300fba4
1765303174,0x46066a1e9e9e3fc43aeebef7a559d56e0bdc66a63f776536a437a3860b247c21,0xbd26af80057fdd8b41aa8daa49d897c87ca1c7a2,0x48be1e3b2e5efc531153fe5d0682c44ab504b3cb,buy,buy,sell,0.6469,158.45,244.92,0x797a07a97482dc6bf6c0471f5f0cd85905b0e7a5987c8df7c6d85130504dad39
1765309837,0x46066a1e9e9e3fc43aeebef7a559d56e0bdc66a63f776536a437a3860b247c21,0x341e756ba729b1b0d70fef8afd898c4d4d84fc8e,0x897c700d73cd3104dac664c73dcf6f426b8af1e3,sell,sell,buy,0.6255,39.69,63.45,0x91c52d66544300e93b71f5d66bc9e1b250dc5af5a4dd8dbd8d5b408752171948
1765313226,0x46066a1e9e9e3fc43aeebef7a559d56e0bdc66a63f776536a437a3860b247c21,0xb18400b7ec3fc31eb2343c497fcc3d06a33a84bb,0x8177a8d64c262d1757b945d978ca4db8644daa15,sell,sell,buy,0.6356,877.63,1380.88,0xf4be639d4336fdb923aec8d799f3f5a4a1099c62355a0750e7b5fd1d7308aecd
1765317630,0x46066a1e9e9e3fc43aeebef7a559d56e0bdc66a63f776536a437a3860b247c21,0xb2f0a10dd3a22dc9bf40eb4a708d83305931692a,0x3fb4c9f7adc915a643fd63c7b053b200a844ee20,sell,sell,buy,0.6596,817.69,1239.62,0x6c52788c4d14c35762b1a4a6b27abac70bb246daa80105e478fc326178d6730c
1765320917,0x46066a1e9e9e3fc43aeebef7a559d56e0bdc66a63f776536a437a3860b247c21,0x44d4b995b01dab77754d032cb4fcc07723313161,0x5a4036fecb6504c06cae1c09d9a0e4d54ed4bd45,buy,buy,sell,0.6383,1002.37,1570.28,0x44e9e74cee0084050bdc075f6b8db36b2ed3742845c03f466669e8aa26f84586
1765325357,0x46066a1e9e9e3fc43aeebef7a559d56e0bdc66a63f776536a437a3860b247c21,0x28ffc6876e8f83ae993cc70f724f061f738af3b2,0x8454dabc2c7f34c501b97a21fc012246fe6cc472,sell,sell,buy,0.6631,170.80,257.58,0x1a44e932b8eed06e89a43cbbaf3d52f71d968fcfc82fe30aa63165df126176e9
1765333407,0x46066a1e9e9e3fc43aeebef7a559d56e0bdc66a63f776536a437a3860b247c21,0x76f95534e59d58cd985697bff8617c763e60e59b,0xabcce4ea45aa6ec4c5c9245c777515eeec67d6d2,buy,buy,sell,0.6699,191.64,286.05,0x0c9cc47295e381e4ccc83d68ff05925046d46c5df6e517d3f7fadd9c61c0dc8a
1765333602,0x46066a1e9e9e3fc43aeebef7a559d56e0bdc66a63f776536a437a3860b247c21,0xe8e5509211a189b9d8f6a79dabfe4dff7cace45c,0xf4686e8eca2c181f8317d93224f07bf5d1ebbbbc,sell,sell,buy,0.6898,761.92,1104.48,0xb03cb2ba8e7d131398d04b9d2fb7fdf416dec3b9e4849a1424043436f35e554b
1765344543,0x46066a1e9e9e3fc43aeebef7a559d56e0bdc66a63f776536a437a3860b247c21,0x0a6658496df170de48fe53533aca977d1b1e8219,0xaa983acacdff2269491341538ae930b87abc1fbb,buy,buy,sell,0.6736,497.69,738.86,0xda9afa1a1d606447d2b5ed509db2624210ace28cc93c1ea169c6d84e0234ce50
1765352521,0x46066a1e9e9e3fc43aeebef7a559d56e0bdc66a63f776536a437a3860b247c21,0x7f971937dcdb64a1f8a9d14a70539ad8b4778cc8,0x203814cc50e7cc753371aa22f720b7d805f75b18,sell,sell,buy,0.6743,948.44,1406.65,0xa5557cf6806497b64cbcca0db3ae9d5e97ad993d5b66e0455d20936e0aedc327
1765359403,0x46066a1e9e9e3fc43aeebef7a559d56e0bdc66a63f776536a437a3860b247c21,0xd08b073f3f3aadce34d43bd05a2137c253d88935,0x90077325865828d46c400a319349e7b33eb9960b,sell,sell,buy,0.6979,835.80,1197.58,0x2f9cd6b9735a95a2006672fe271d501ee237229025597cf13e5c7fc159eabff7
1765361526,0x46066a1e9e9e3fc43aeebef7a559d56e0bdc66a63f776536a437a3860b247c21,0xebd61e46bc719c5476e36ac0754b1463a69fc12e,0xbc310d6dbfa2b21ef1c6200d15008991830f1bb7,buy,buy,sell,0.7156,656.56,917.45,0x295cc238a9106390499c2c2d5d8bde37aca917a9c77f77e38840745527979793
1765371777,0x46066a1e9e9e3fc43aeebef7a559d56e0bdc66a63f776536a437a3860b247c21,0xde59db7d3b5908ded42e6d58a14dfa144347b0f3,0x2deccac188ce4066412064662f321ac125e88646,sell,sell,buy,0.7122,60.14,84.45,0xfdf30af1c914653e277691c27a85c4ec88a8a782e5b0f7cc4f7e3c221a71acdd
1765373776,0x46066a1e9e9e3fc43aeebef7a559d56e0bdc66a63f776536a437a3860b247c21,0xe1f626f38053ad4a78812b6a88471af6daddd6bf,0x3a14fbd6295a684ae26a5e51e7717b163f86226b,buy,buy,sell,0.7015,300.62,428.54,0x8f8e68d1f4d6d5d71913edcff74484ffaad6b796ede53a87ecd8a0a006e7e250
1755609437,0x7d2b6955cf92bc16a86e215b067242f9de77960334ad48b595ff3c94d92cc9a5,0x8f5b452c63181af1733eccee1d0a589a3af6c141,0xf1a9d7c91612da66eaa8cbafb4da5df31107ccd9,sell,sell,buy,0.7083,825.46,1165.36,0x2fc67561c2414be2881e56644cb38969ce1d5595b9bff3eb5e3003ca27dc9607
1755615114,0x7d2b6955cf92bc16a86e215b067242f9de77960334ad48b595ff3c94d92cc9a5,0x8d5f321bc71ae72dfad70d8428c0aa9cefbb670a,0xcee26fb2f24e756913b3a644f1c0c19f996d7590,buy,buy,sell,0.6992,146.37,209.33,0x1f0715c6722f724f70fff55f0ff9e3f9fb4ebc671965719e3e6d19253c16a642
1755622271,0x7d2b6955cf92bc16a86e215b067242f9de77960334ad48b595ff3c94d92cc9a5,0xdfd06e55b4403bd8f481333fe5758b598af1c047,0x5afd540976ccde8c14d1ab39da9b763611c54f90,sell,sell,buy,0.7139,310.71,435.20,0xd49db24c3227b3e63e65c4c8d9d87f64c1ba1e98a475d433fbac08b5f8589028
1755632881,0x7d2b6955cf92bc16a86e215b067242f9de77960334ad48b595ff3c94d92cc9a5,0x6440fc534a15668624c3b9c4915e17d72c1308a6,0x30ff38d10952364194af78d7282f3e5962c6458c,buy,buy,sell,0.6947,402.27,579.06,0xcdf44a0f1b8dc9cbec161e626fe7e2f56b775dbd6efd00fb7bee6b261c58ecd7
1755639861,0x7d2b6955cf92bc16a86e215b067242f9de77960334ad48b595ff3c94d92cc9a5,0xfdf64f1aeb724095a6f092bd8d27f00115f22cb4,0x5f4ff01f47f16ecc8ba37ec4b43f168ad77eb3cb,buy,buy,sell,0.6806,596.59,876.51,0xf433c3c6e2380487c49eb2cac9b7b2be9b17575bc94d38c6a4d3017598980397
1755652923,0x7d2b6955cf92bc16a86e215b067242f9de77960334ad48b595ff3c94d92cc9a5,0x51cd178ae97dccd8442c6f12899eb9b04152e858,0x2ca07df693051a197693e4c342b3598feb7fe31e,buy,buy,sell,0.6812,250.55,367.82,0xcda1e0c1fb51c1a722f54a7a4be5fb33b37400f2545ee582768e5be29a018493
1755657535,0x7d2b6955cf92bc16a86e215b067242f9de77960334ad48b595ff3c94d92cc9a5,0x0a398ce8b0f41c0134eccf7a40888a820b77b98b,0xc01f795474254157f7875085306abca8c8fe7331,sell,sell,buy,0.6892,85.81,124.50,0x1310ef407e0f262641c46778e5770976b04f42561a23dca67aa92633d4d5934d
1755658275,0x7d2b6955cf92bc16a86e215b067242f9de77960334ad48b595ff3c94d92cc9a5,0xcf82788821b8493e3737f22be897be8b24ca1839,0xe54c021d4bea37274001374bdd2fb989a7b5ada2,sell,sell,buy,0.6753,77.44,114.67,0xb760ef494de2b87fa501147945dd14d88b70031e1f09698f17aa6004d47bba6f
1755660663,0x7d2b6955cf92bc16a86e215b067242f9de77960334ad48b595ff3c94d92cc9a5,0x5f6ccd11a96bf4cc8553150d27312df5bbedab66,0xda6f48d60276e194203074c757da318235760ce6,sell,sell,buy,0.6630,650.08,980.49,0xe9b358c592ed427669908b0d2f7e8f73d0da6f94382a43382329542836edcb81
1755662770,0x7d2b6955cf92bc16a86e215b067242f9de77960334ad48b595ff3c94d92cc9a5,0x7a22586d91cd5ef0afa8706e3f3f9ecf10fc48fa,0x4d83c4546c18a7d97e57ab12bb8e2904348a4fa6,sell,sell,buy,0.6672,964.43,1445.52,0x95434c3f751368f3420f24b1a9a6ed60c05b78890851410e965eec0fd5192c5f
1755663748,0x7d2b6955cf92bc16a86e215b067242f9de77960334ad48b595ff3c94d92cc9a5,0x52af4ae5c3337910777c0c3d68357da45110d8d6,0x617f5947cb0bf55d7f4a552d73a4e72f73d4deb6,sell,sell,buy,0.6439,816.72,1268.31,0xd55c6001412598c49db44e602bf82ec5015fad33aac064185784be5a92f4cc18
1755667859,0x7d2b6955cf92bc16a86e215b067242f9de77960334ad48b595ff3c94d92cc9a5,0x1099afdf35e2a1f6e8d4d0c9421e52ca11d138b8,0x6c7cc9a4da5a5fa4c35f5074e75b3675e40266c7,buy,buy,sell,0.6529,863.68,1322.85,0xae5744b59d76ca0f3ab739845abdc466293597c87ab32253d1c566a2f5f3b874
1755680646,0x7d2b6955cf92bc16a86e215b067242f9de77960334ad48b595ff3c94d92cc9a5,0xc7bacc49c504d651e361d29ea0e5469ed8f04b24,0x2d9952570c1f4568e835a9bae4369f53f300250c,buy,buy,sell,0.6617,621.07,938.63,0x17623181ff015a81b91e52b51715b702734c9ccd5d1e51a7b97d676cf10ad65b
1755683989,0x7d2b6955cf92bc16a86e215b067242f9de77960334ad48b595ff3c94d92cc9a5,0xbf03eecd126302b07eb316c71ec9ce49c5533c40,0x6efe647299060f54e6d943bd781fd7ae4af8b3e5,buy,buy,sell,0.6368,299.50,470.31,0xf68d4376961e547796eb1386d1d7e750d784dae7c8c4f790fd6f659ec447cad6
1755688289,0x7d2b6955cf92bc16a86e215b067242f9de77960334ad48b595ff3c94d92cc9a5,0x2ddfc453aa8cb25a34cab054a736d6561f65b8c9,0xf2947564cfd2ab95b5dfe5fc1525476be09a6f82,buy,buy,sell,0.6423,527.88,821.92,0x3beab620a0dd689426a2704fd84279ee8d6d0dca7fd34dc2aa9c92e062ea1242
1755701345,0x7d2b6955cf92bc16a86e215b067242f9de77960334ad48b595ff3c94d92cc9a5,0x779ab4657dcd02a34190b2c970f5cf5cf6b44ca6,0x66271d69c1a6ac11d08155ccc819f63583b7080d,buy,buy,sell,0.6314,789.11,1249.78,0x1b234d3c228f17ac74d88cc59fc17690d30f72cc76564ecb6c565031c7d436b2
1755712483,0x7d2b6955cf92bc16a86e215b067242f9de77960334ad48b595ff3c94d92cc9a5,0x257c33804174cc19d03cb2c2aa0418a1e1452d29,0x911cd80a288eee7455c8df1cbc37449103af56b1,sell,sell,buy,0.6321,354.87,561.45,0x452fd66a9dabc38b78a1f7f8c0c1ceaa5ef7f4484494e40404f71b31cfe01f00
1755725457,0x7d2b6955cf92bc16a86e215b067242f9de77960334ad48b595ff3c94d92cc9a5,0xb525669551c8aa5ecc5051fef6288e29b53ec72c,0x5aa488d804fe0c75a584883aacf11fb5e7ead1f4,sell,sell,buy,0.6387,948.55,1485.11,0x06353cb5d41ba0352fc7f7028def9dfdaf147283f3f07fe466a7a00a96d28829
1755725560,0x7d2b6955cf92bc16a86e215b067242f9de77960334ad48b595ff3c94d92cc9a5,0xe520460a8628ae4c227c4968abdf84e291e7ae41,0x39d8ef13172f26a9f917315d13d2a109219a7ea0,buy,buy,sell,0.6521,998.63,1531.40,0x242b292aa43b94fdda5d425c6deb69000f0f8581c08085548d382011b2551e92
1755738539,0x7d2b6955cf92bc16a86e215b067242f9de77960334ad48b595ff3c94d92cc9a5,0x24890c4c658f06da0d3a8411ba29e9503d9a27df,0x3741181cde6150e9cd9b45351f1fdf24966dd8dd,sell,sell,buy,0.6747,798.78,1183.98,0x9c02ee8c8c71db1e0a4c679a37372ed443550306d4fc1fb6b2994fe3d5ce6785
1758793331,0x39cf486eb62d59c998dee77633af375c0bf366ff6fd77b3d43b0d1e655a67261,0xd362cbd688e6415abd54556a030f4261e484dae9,0xffa950e51c907d32d8fc4fba6dd5ac92c5f598bb,sell,sell,buy,0.5343,225.18,421.43,0x61b0b9d1376986344f13ac0b8f7687878474a490759948508d42d09a12fa344c
1758803273,0x39cf486eb62d59c998dee77633af375c0bf366ff6fd77b3d43b0d1e655a67261,0xf0743a24f8ec0498e5a79ea23b9a39d6061763d2,0x498cd03d1eb17d49da7a5683cab764a914ebfd1f,buy,buy,sell,0.5412,723.74,1337.37,0xb87c411c4a8684f5e0aa7a6131890594082c0fa52a946afd79cedc8c2e3c5b3e
1758816109,0x39cf486eb62d59c998dee77633af375c0bf366ff6fd77b3d43b0d1e655a67261,0x9f033b3e71be3ecee177661672275cc536bf2d04,0xbaad33e45175c6932915461106690c0d34ae47c7,sell,sell,buy,0.5564,225.53,405.30,0xe5a3903035a3816e2def6eda0dae6a6a6138798223730d9b7d07997cf80cdf97
1758829042,0x39cf486eb62d59c998dee77633af375c0bf366ff6fd77b3d43b0d1e655a67261,0x64e2d20f3ae57fe706a0844611cfb01555efc15e,0x58d09ed71a4456e52249af3f88ac1473f7c100bd,sell,sell,buy,0.5777,428.40,741.63,0xb6af183156e408b1bcd52a053adaa6708f78a20f51c76992044f92319e590d78
1758833073,0x39cf486eb62d59c998dee77633af375c0bf366ff6fd77b3d43b0d1e655a67261,0x070706cb229798b041a0d30b843f37b5be4b0a61,0x41d278f1074b038a4aea8ab16901b47ee31788d3,buy,buy,sell,0.5742,745.72,1298.64,0x8ce3acd7d81b056ceea87cd197fa98b106469824d937cc13ab394e359fe3f456
1758840641,0x39cf486eb62d59c998dee77633af375c0bf366ff6fd77b3d43b0d1e655a67261,0x682d7848db385226784213e4acf7c3c6d036801f,0x87ff58d3e3371fbd98e8d7c770b31d9914fcebfb,sell,sell,buy,0.5897,229.96,389.96,0x00f450584bd32cc588687e88b9a763015f103741f43419a04ad61cf36f07943d
1758849334,0x39cf486eb62d59c998dee77633af375c0bf366ff6fd77b3d43b0d1e655a67261,0x4f30d4edb76d3526c95848e24b508bca16558130,0xf5d184bbbd07e58d4f49eba34946351e9e0e0cb6,sell,sell,buy,0.5728,748.87,1307.29,0x42c9e0e60813a6fd17c2971eeae6e2b8e9ba93fba6dbc082b58a17aa6320eb56
1758856162,0x39cf486eb62d59c998dee77633af375c0bf366ff6fd77b3d43b0d1e655a67261,0x55f73fd925d501f0f526ae5b8329547ec2de41b7,0xbba5b9aa83a1edbf0d366cfbc2e504120eefb2ea,buy,buy,sell,0.5506,482.99,877.17,0x11a3bd1539501701e15fc01611da256b3f49871668c8bbb0ae879ed6c0c1f818
1758856228,0x39cf486eb62d59c998dee77633af375c0bf366ff6fd77b3d43b0d1e655a67261,0x15c5888a22c2d85119cff07b7066849741ada36f,0xdd51226c2c3c9f33c3cc3fdf6738230c7525937c,sell,sell,buy,0.5591,827.27,1479.51,0x26f80a86e4b65a3c1587aca29c486579b465aa8e03403336dc77892e743952c4
1758857837,0x39cf486eb62d59c998dee77633af375c0bf366ff6fd77b3d43b0d1e655a67261,0x9c6d7c366bd6a81164d9686900799e451ec75a85,0xe081d36c5be015965e1258b37a699f207384b179,buy,buy,sell,0.5370,417.74,777.88,0x6f34a9e4bac5f621e0ffeb951e923e464f3f99566acd140b23bce3f2e5253f15
1758869378,0x39cf486eb62d59c998dee77633af375c0bf366ff6fd77b3d43b0d1e655a67261,0xde5208e6dde5ad1e64e5bb0a975008da367d8d8a,0x9a35c96cb63d0d370a9e9628824b84134f02b727,sell,sell,buy,0.5330,971.58,1822.70,0x04c71ecf03dd7f95f56970a3d4e84e271eb04b499616f3988cd9182c9fe3e5fd
1758877405,0x39cf486eb62d59c998dee77633af375c0bf366ff6fd77b3d43b0d1e655a67261,0x476f79a7611ddbcfb4c81d3e8e69eba62315b5f3,0x5d1a27989eee3ed1a0698457b4d0f3eaaf676646,sell,sell,buy,0.5572,468.57,840.91,0x147de2a287e25e2c5f57d766378b1c281c359b2afad0f1028312d8c7822f9f7a
1758885804,0x39cf486eb62d59c998dee77633af375c0bf366ff6fd77b3d43b0d1e655a67261,0x67277e1c03d869d78505a4c96069eb807ba5b4e3,0xdb03d0910c94c647dac6d88e6c8ed7c5df69fc6d,buy,buy,sell,0.5454,365.31,669.82,0x533a43da1ff404da2ab9b804ee70eef71a6f8c34216ca7b965f669a55ed307d2
1758894942,0x39cf486eb62d59c998dee77633af375c0bf366ff6fd77b3d43b0d1e655a67261,0x43b68e218c9f7ead1f36ec1041a68e5a25711773,0x53d0a4ab30ad7a732907b6f35ad5f9b73264fc9a,sell,sell,buy,0.5260,974.17,1852.12,0x1d2165544cf488440fba0085553c0f79c5962412b4b1b4bdd4ba1d9599381a19
1758895528,0x39cf486eb62d59c998dee77633af375c0bf366ff6fd77b3d43b0d1e655a67261,0x1ce5badfc38b40bc38074347d06fe1e733082302,0x96c57d71e4b488c315c4ba53fb2de403798639da,sell,sell,buy,0.5130,919.38,1792.08,0x37c088e6b4d13e9c098225ba585ab8d35d5e0f0cf73ac820ed36443cd18f1495
1758908642,0x39cf486eb62d59c998dee77633af375c0bf366ff6fd77b3d43b0d1e655a67261,0x4c53934e9dc259a4c99924d2a9ddfdd31a97d856,0x78556a0906a4d9ebe5ecd809209e63531264f326,buy,buy,sell,0.5008,932.96,1862.92,0x77da5335326d94416088f5f123defe7c807e939986a38a80d9451d97fe1e8080
1758922692,0x39cf486eb62d59c998dee77633af375c0bf366ff6fd77b3d43b0d1e655a67261,0x6ad447b6a1b292c6c039b53b45839c617a1e4cb5,0x01261d3ae10f0eba0454c63f18dc0034d9a87759,sell,sell,buy,0.4873,104.66,214.78,0x8fffdeaad299cd7a200d1c780b97f55b7f4ae42f92c810684c9d6accbf314cf1
1758930708,0x39cf486eb62d59c998dee77633af375c0bf366ff6fd77b3d43b0d1e655a67261,0x0b6efe4bae8d2c52c3bae792205b6737f3d51508,0x25839dce4ef65b0d3f69643d33726dfc59c3cfc0,sell,sell,buy,0.4646,613.88,1321.38,0x1d49545cf3ced43b89d0fdaed311325962496b8da26f2be3cf8aa67e2739726b
1758942350,0x39cf486eb62d59c998dee77633af375c0bf366ff6fd77b3d43b0d1e655a67261,0x3d7d1e859678d0a50ad15beb0204654417860613,0x48095e5e054d314d4c04b4827c104a1e24a58183,sell,sell,buy,0.4518,63.52,140.58,0x70ba98e8c522d05e1e29d24bddbfe2425d17e226cb429d61847660e98d19a01c
1758956504,0x39cf486eb62d59c998dee77633af375c0bf366ff6fd77b3d43b0d1e655a67261,0x886ea7bfeae257defc7274722fea6f88578bad08,0xcd134c79ba77937ea9bc65d9a927c7fa138d7f9c,buy,buy,sell,0.4412,209.48,474.81,0x24283dc3e4e8f4ecb97a77634ecf272659df9e995ca0a244f54e823c64c7f3cc
1766510955,0x616b222fc706135c68a423dc52fb4a735e3abbfbb8f4e8e19ece7dfa56bb0875,0x1ebd23780ff25762f1408f7e862ed507027bcb4b,0x59d79beed25ff56a548dd28a0ae2bb4089fcd564,buy,buy,sell,0.4609,86.97,188.69,0x56270f8e50efa0b0d734f557c943045a73180c79b9098571e931774e4d95f922
1766512060,0x616b222fc706135c68a423dc52fb4a735e3abbfbb8f4e8e19ece7dfa56bb0875,0xeade56c161dc9df7370b09ee3d179f32e399865c,0x09c4505541b3ec390f9305696946d7ce25dda8df,buy,buy,sell,0.4662,579.31,1242.59,0x8113cb9b23ee49482d4a3487c46ba7901b95639a5143730c026636b9e84093cd
1766515363,0x616b222fc706135c68a423dc52fb4a735e3abbfbb8f4e8e19ece7dfa56bb0875,0xb9b2e7813d27f827b25b689b52157732771b84b7,0xb2de7713121855406c453e5cc34ba28151cdace8,sell,sell,buy,0.4808,678.30,1410.69,0x60ed0a328c4b6c16342c9417b6a31a04da09a3dbf0a9d68fe41e61b90f51e406
1766524292,0x616b222fc706135c68a423dc52fb4a735e3abbfbb8f4e8e19ece7dfa56bb0875,0x7218e161f4246fd88ec40679fdbde33c78df49bc,0x7e34fb8dacb79749a263633808e07ffb2d5b2f21,buy,buy,sell,0.4923,667.00,1354.87,0xf8e35a4ea0d0eb36c3d23e3916ca9388624dcd48490c1085899026dc9aa264e8
1766526661,0x616b222fc706135c68a423dc52fb4a735e3abbfbb8f4e8e19ece7dfa56bb0875,0x5db6dfbd148da153c2a26b79eb336448c7289469,0x54c177d9f43ea9709fce3e99ead62348d91054ef,buy,buy,sell,0.4735,109.52,231.28,0x5512fd4035162e5a5b0226a29aea9c7871228f07615b30b1b91c0134a512bc1c
1766531079,0x616b222fc706135c68a423dc52fb4a735e3abbfbb8f4e8e19ece7dfa56bb0875,0xbb2d86c3627737398cac5a68cfebbdf68f590ead,0x730054300a57e1ddfe2243501dcd52441c357e72,buy,buy,sell,0.4905,179.23,365.43,0x49a80325862c9d5a2bba67f3c22b5ec5f7b288a317db21b41e22974abba5cbe2
1766535048,0x616b222fc706135c68a423dc52fb4a735e3abbfbb8f4e8e19ece7dfa56bb0875,0x957fd88f66c3efc11e96c76c272395f176fe0b58,0xdee0913239fd5308355e915812f7db695d4415b5,sell,sell,buy,0.5126,218.26,425.82,0x9ac7265341583adabb5006f692db8ccd039d5b40c1865d778f946d94846b10ff
1766539056,0x616b222fc706135c68a423dc52fb4a735e3abbfbb8f4e8e19ece7dfa56bb0875,0x5866332ee87093c77147ab69a38bb9ec884ef92c,0xe4cc195f8ed0393b2126d627caf7eb0542ade114,buy,buy,sell,0.5236,326.40,623.42,0x3a2802400092776aea7653c0796f6fb3c2830fe322c9a1e310ffad6f6fd3aaa2
1766552734,0x616b222fc706135c68a423dc52fb4a735e3abbfbb8f4e8e19ece7dfa56bb0875,0xf48db2fc5681eb316ef95254d3e95f5b0839ff78,0x9cc8fec3a6a4498f5acc633cb765614fc6688ce9,buy,buy,sell,0.5052,1005.92,1991.24,0x2fe9df2e0532945e512440f57eed41c638f02da2d65a3e906ccd233a4a014860
1766556016,0x616b222fc706135c68a423dc52fb4a735e3abbfbb8f4e8e19ece7dfa56bb0875,0x88384d2170216c0e200deefeca7ef98c65a88fdf,0x590e0dfcdcdc9617927b5055cc6957a31eb7fd35,buy,buy,sell,0.4883,877.45,1797.02,0xfc367df8504d9292f21ac0a51a0aa09a6c3cfc844ca4defcb2b75a20a97ddc07
1766557954,0x616b222fc706135c68a423dc52fb4a735e3abbfbb8f4e8e19ece7dfa56bb0875,0x51cb375d8e968c9862f9b61a57f27ed429c6bd3c,0x19590fd8da1b3504aa70e82d292e9217e7976763,buy,buy,sell,0.4923,985.08,2001.02,0x9903817c880e502ab384028b735e5d293dde59ddf07d44978160db72212da5fb
1766561730,0x616b222fc706135c68a423dc52fb4a735e3abbfbb8f4e8e19ece7dfa56bb0875,0x05787176223f8f2135b12d7765ec87e71cd78302,0xce8079b6df075909f788409ed39b1a7f9f5699d6,buy,buy,sell,0.4795,583.15,1216.23,0x54890b56b5c3f2823d4be168200259a6c2ef8712584f51991db09c00ec3095b7
1766566672,0x616b222fc706135c68a423dc52fb4a735e3abbfbb8f4e8e19ece7dfa56bb0875,0x6825050f9937e66900c0144ece0a3327f6dc150c,0xdbfeafb6120147c5aec247b81284fe75798d2884,sell,sell,buy,0.4891,839.66,1716.58,0xc8c577cccd410d172472c6fae2fa07681c2af3318de84d5937456a278648d218
1766567299,0x616b222fc706135c68a423dc52fb4a735e3abbfbb8f4e8e19ece7dfa56bb0875,0x5226696780548e42a0ebc0fda3cc526e13024841,0x43cf6d7875b1edab1447d26198ccd1c989fc81a0,buy,buy,sell,0.4655,573.22,1231.51,0xa7ec9bca726f3dfa7feecac491bfaa821e437172f9bfc6f71c2984e257eefd2c
1766572711,0x616b222fc706135c68a423dc52fb4a735e3abbfbb8f4e8e19ece7dfa56bb0875,0x73fcc975ad43ec5e881753bac32e5951dbb16f10,0xcfff239b497f84559bbe6b8996266e6e037aaed1,sell,sell,buy,0.4870,611.60,1255.92,0xdaea0781ffae8e88318f5103ac68c7897394cec2f717160d7ca5830777cb3ca5
1766580692,0x616b222fc706135c68a423dc52fb4a735e3abbfbb8f4e8e19ece7dfa56bb0875,0x7826b45dc1a0b01cec191975740fecdf67d421e4,0xa46d5e9bacb305578f7759ca7ed4bbfbb200864b,sell,sell,buy,0.4854,366.27,754.62,0xa741dc0f3e8a21b1d1a7be7ed710912aae0f0bf7901dfb64000c8a60d3712155
1766592340,0x616b222fc706135c68a423dc52fb4a735e3abbfbb8f4e8e19ece7dfa56bb0875,0xe9b9632256702d1259820d598382361512dfd1ae,0x9c24f2dc701deb9aa8406ed98192d998bbcf3f69,buy,buy,sell,0.4741,590.22,1244.98,0xd49362186d1189adf7bfa89db114b3a51addda04bf26b20a5ffc1e218a475f71
1766602963,0x616b222fc706135c68a423dc52fb4a735e3abbfbb8f4e8e19ece7dfa56bb0875,0xe955ec03bef60804c0ff164bad85759132c502dd,0xb538984338c1f174c028da1e54ce6ed2b4c025a8,sell,sell,buy,0.4836,252.95,523.03,0x90364ec3d8f38e4846e17351c302eacb21364169db9bafa8519753afc1413b41
1766606958,0x616b222fc706135c68a423dc52fb4a735e3abbfbb8f4e8e19ece7dfa56bb0875,0x203bf66c233121f2db5002df70e4d534c0b5ccdf,0x93bcbacc93f29cb5da6286db105ee4266e390f03,buy,buy,sell,0.5023,117.95,234.82,0x8d3ad00ed1e54e6f9df15eddc9cef5126c58458d22ff8ea42bdd8f6207c41f69
1766615005,0x616b222fc706135c68a423dc52fb4a735e3abbfbb8f4e8e19ece7dfa56bb0875,0xe3cdef6b23b2023729104d09ca5594da79d19ce3,0x526bde3b6869f294674631338217d1f226feaffe,buy,buy,sell,0.5205,689.78,1325.16,0xfeedb1a1fcfff10fab0c65c96d93bd96f5b71d454bbc1bb1d9d24b3769bb6a1a
1758550101,0x5172e16dfc9f09b2a48bcd347852b39d867836a3d8e27c3e9ff6642e0d4854ae,0x109fcf0a52910ab24e44faf62f7daae8a831fa37,0x4655e9a8fd658319e474722d9b4df300e371901e,buy,buy,sell,0.6644,454.70,684.42,0x664929aedccddb36e95fd925375dcb102e5b1051754ec8f3e2b186d1ad05962d
1758561623,0x5172e16dfc9f09b2a48bcd347852b39d867836a3d8e27c3e9ff6642e0d4854ae,0xcf96bef9ff4e00bf11d9e97a06e83733e5d36752,0xd798839431cffcddb87318ec4f2c756ce1bb728c,sell,sell,buy,0.6591,647.82,982.88,0x3a442036fef985320df81af1a60b859920c848364286dd065e54dde68152e755
1758575652,0x5172e16dfc9f09b2a48bcd347852b39d867836a3d8e27c3e9ff6642e0d4854ae,0xf0440b64abf4746f45c971baf4e67ab320a93154,0xa8ec8ae161488aea73ee96a5b1078f9629f6f027,sell,sell,buy,0.6701,907.33,1354.11,0xe4c5c3c9511c633dd5dd811b0cc2ae7fbb7155f9673ad0af1b44596c9eda6ed6
1758577568,0x5172e16dfc9f09b2a48bcd347852b39d867836a3d8e27c3e9ff6642e0d4854ae,0x7f66cb0e9d9b7c9fa2312e107bcea56c4171d964,0x9804cf9656635528fbc006a24965e2e66f61a2b5,buy,buy,sell,0.6846,669.71,978.28,0xad66b3a061027bd1d84159535cd22ab2d59e348f618f8ccc19194c34bf320050
1758584677,0x5172e16dfc9f09b2a48bcd347852b39d867836a3d8e27c3e9ff6642e0d4854ae,0xd922dde41c3f99d70918fa9b67df72f4d0673253,0x49540a3a3496d81a79841b546cdf11543705412b,buy,buy,sell,0.6609,188.03,284.51,0x1a91c5f8ffd9f1b8cef15201527b0b0d1ce67571a03be6d22aa6e7630e601b7d
1758594663,0x5172e16dfc9f09b2a48bcd347852b39d867836a3d8e27c3e9ff6642e0d4854ae,0x00056ae421572dbda02a9a53fd06d160aac0dd0d,0x2e6f6ac3b85d26506bf41ee8679b4154dfa81592,sell,sell,buy,0.6412,830.18,1294.73,0x6a8841266269cc4121be4768877876eff24541160a652a7fc05cceb24b7a1927
1758604966,0x5172e16dfc9f09b2a48bcd347852b39d867836a3d8e27c3e9ff6642e0d4854ae,0xdc4af434e5fa3da871c5d7c677e4d73717791c75,0x6ad0b5b4a61f8dcaa05ebaba7bfbe56128328bf3,sell,sell,buy,0.6605,593.95,899.21,0x4319beadcaa0ec3be16b63707d0128e7a8a884065e3b1fc1e43d55f88c885c84
1758606380,0x5172e16dfc9f09b2a48bcd347852b39d867836a3d8e27c3e9ff6642e0d4854ae,0xa38a27b5f4260638a799b328a4b511deb3df0a49,0xe5d9d97ce36106794a91b49f4f57dea525b2cf7e,buy,buy,sell,0.6503,53.37,82.06,0xa5537aca1f604823e9daa10291bceeec92928983b7332761b5dbdd9ba42bc5fb
1758613330,0x5172e16dfc9f09b2a48bcd347852b39d867836a3d8e27c3e9ff6642e0d4854ae,0x9ea1bfe78a439c4ee672313dee9b95917d629a63,0x7937091294ccf158efd9da998311d93cdaa6026e,buy,buy,sell,0.6483,730.13,1126.31,0x4f30e813495b7376a371318fb53e3a16c436103b8a4ca0264c5d04b984215c9d
1758627593,0x5172e16dfc9f09b2a48bcd347852b39d867836a3d8e27c3e9ff6642e0d4854ae,0xdfcb501f5fba740366df90970a3cfa38f2f0e8b3,0x8448a46a9cb2f7618dde35d7c539df8889e275aa,sell,sell,buy,0.6543,294.56,450.22,0x09e7dabe5b6baa20d7b6b6917112832e45f9451828f1e1f613a3df01266b6d56
1758641960,0x5172e16dfc9f09b2a48bcd347852b39d867836a3d8e27c3e9ff6642e0d4854ae,0x49e067e25955c6578a66c32916d255da105fb56e,0x2636d9d54176c7214239a698bb8276cd18cabe26,sell,sell,buy,0.6462,738.51,1142.84,0xa5845249c7b8f9e49ec8141ba922a95c32d935063d27bf549faad8a3d08d5126
1758645343,0x5172e16dfc9f09b2a48bcd347852b39d867836a3d8e27c3e9ff6642e0d4854ae,0xdb3633ce42d329a42bb6275ffda3a96329d5a660,0xdc0df97a29a72d597cc5ff8ca15bc4d88ddba714,sell,sell,buy,0.6400,507.78,793.41,0xb47e5313faa98e2f307dbc8f06efb74ad2067f1d21dbabd2344d51617f8a8639
1758654074,0x5172e16dfc9f09b2a48bcd347852b39d867836a3d8e27c3e9ff6642e0d4854ae,0xf888f69feada0b56f941ca34ead1220ef245380d,0x9db1eda55f97d2046b36d862612e0ab504b53b5f,sell,sell,buy,0.6424,622.37,968.88,0xb283f1a2655f4d3ebb7b228b9941abbc3ffd227eb47ac1bda277e4c3f19efd7e
1758668003,0x5172e16dfc9f09b2a48bcd347852b39d867836a3d8e27c3e9ff6642e0d4854ae,0x03f56587ebe1cdb54e8a306589513e3d04fd8642,0xe9ff1a601e819320bb54868aac3dcec08f02616f,sell,sell,buy,0.6284,380.89,606.11,0xae1e10f501546ea8812eb5750ef2af7b55bf81f96957f89df0735c7b5170279b
1758675505,0x5172e16dfc9f09b2a48bcd347852b39d867836a3d8e27c3e9ff6642e0d4854ae,0xd7ac7d35f2f46645197faee55ee560c34db78f81,0x1b6fc7b22ace511fb09af3071e56f4df4c5aef75,buy,buy,sell,0.6334,419.27,661.94,0x72a87d3610aead3be375b8171c38a61de9b0eb222518d16cd8a415c1b84ad244
1758689651,0x5172e16dfc9f09b2a48bcd347852b39d867836a3d8e27c3e9ff6642e0d4854ae,0x1e28e4da95fa01c4a15d29f151f44e578c3e5a67,0xfd4b1310fd98efa9aaba094c1a8433edec87a88c,buy,buy,sell,0.6384,709.19,1110.97,0x73ce9120826a2e833986ceb08303cec471bd0cd1010c0549b3fb749c49fc0794
1758702709,0x5172e16dfc9f09b2a48bcd347852b39d867836a3d8e27c3e9ff6642e0d4854ae,0xbc6075049e84a1f2cc50fd89acb5e099567e6d15,0x7959558cc2523c127dc6bcbeebde2eac76241067,sell,sell,buy,0.6428,208.22,323.90,0xa4f333619a74461c252f79a7f87c5f8009ebf7e39949bda18ed300030a879773
1758705880,0x5172e16dfc9f09b2a48bcd347852b39d867836a3d8e27c3e9ff6642e0d4854ae,0xf111bb335f62ebe49d3a93197b92ebf3fd8e1e1d,0x721e96c5cb72727370bdbbe57e8276efb60892ae,sell,sell,buy,0.6618,319.35,482.56,0x7489fef8fbbe6552970fe3a1b4318c44aa96520304a14ec338773d3d257c5b75
1758720161,0x5172e16dfc9f09b2a48bcd347852b39d867836a3d8e27c3e9ff6642e0d4854ae,0x03afa8314dea8b7cfd18d9fe0e5e8122d8f41413,0x408702ae9479f750a98b30188d83698867bc932a,sell,sell,buy,0.6465,126.47,195.64,0x667ac6176b04034aabe707c10a293afa8a332256a63ebb371575590c97303d2c
1758723732,0x5172e16dfc9f09b2a48bcd347852b39d867836a3d8e27c3e9ff6642e0d4854ae,0x0f4c838e04d7fc149df7ad363ee2a630bc895d75,0x37c1e7e829bf0e06554fcf1532fe5035dbe670ef,sell,sell,buy,0.6231,409.82,657.70,0x5d376437d4dca49dbe6d230049997a398b654ec0a1c1c6787185990ad08ae372
1755755229,0x0c67e17f41df36b740420b933153139e51b39dd8f29c7584feff483ab4800c4a,0xc5352becd8cf821b9bc005cb3da364032776b499,0xa3f95820c3593e1f7baa54d03bab9032a23aacc8,sell,sell,buy,0.5033,935.79,1859.27,0xb028a277104e9d6d131093526e4d12bd8aa2af7362b6182752ac5b1b7d300fb5
1755765213,0x0c67e17f41df36b740420b933153139e51b39dd8f29c7584feff483ab4800c4a,0x50b17c289e229e150fc5600bcdb536607d802136,0x39abcae71246ff44c23ae88b6750590994aa1fc3,buy,buy,sell,0.5239,416.05,794.10,0x932e5eac4dce81ca6c7ce1419f62ff8db5651b3721a72bcab92650bb2249cd00
1755769474,0x0c67e17f41df36b740420b933153139e51b39dd8f29c7584feff483ab4800c4a,0x22b9d0d31f65a0372d7508b63d0697154d53e677,0x3b36457a1e85f5b3fb24cf112dd7879567c776b7,sell,sell,buy,0.5141,56.10,109.12,0x629c10346fcaa91e5690343101ae47efb23b949e67ae01bd8bf05bdfbd1ddf04
1755775130,0x0c67e17f41df36b740420b933153139e51b39dd8f29c7584feff483ab4800c4a,0x00bff0a03ee280b3d179531ff0a0eda3b5537325,0x49968fcb38239555465d94b2ce7cc0f533223cac,sell,sell,buy,0.5150,1001.32,1944.43,0xec11b0543e1d06f714a315a400daf338cfdd317744166849c754f2158d69e9ce
1755787102,0x0c67e17f41df36b740420b933153139e51b39dd8f29c7584feff483ab4800c4a,0x458daef0713d07ded7beac502a35e297f2e2c839,0x0e540134615a5bff6bd7c176ab56740467b391cd,buy,buy,sell,0.5213,288.10,552.63,0x99ec792841180773485e0434759caab5e1b3a37b9017f6f269ce396914a614cb
1755801422,0x0c67e17f41df36b740420b933153139e51b39dd8f29c7584feff483ab4800c4a,0xc82bc20d3b21578c3a331452793811451aaf0a02,0xdb0e503ccc6be175914f2d923516e3cb65189441,buy,buy,sell,0.5200,840.36,1616.01,0xccd7a1e7bf6e869e8664702018d278a40d4210a310f3e9e9bf4dd9d13da5483b
1755802624,0x0c67e17f41df36b740420b933153139e51b39dd8f29c7584feff483ab4800c4a,0x46ca4f2bb15c8efa2760b2fa344239dd8765471b,0x93bc1bab069b6a197f350f20f1157acfb8ec6101,sell,sell,buy,0.5206,192.16,369.12,0xaacd71ac6df0c0d4a08a8dddaecd9c52c6154954fd1d69267e1800716c33bbbb
1755808705,0x0c67e17f41df36b740420b933153139e51b39dd8f29c7584feff483ab4800c4a,0x26dd4fa754a6d7fa6bb40284786bf30a31814e2f,0x7e2aeadd39705ecd911ad25c964ee491d70e0d2e,sell,sell,buy,0.5043,833.41,1652.59,0x3e147357edbce3dc4ffdba873b34cfe6e5725a15b9f7fb8d114286aa3f313fa6
1755809072,0x0c67e17f41df36b740420b933153139e51b39dd8f29c7584feff483ab4800c4a,0xbb72f1358cebaa8233cc11f311b31f4d72bcba12,0x2a501015ff847775adef98f7de2f1b867c511212,sell,sell,buy,0.5136,838.96,1633.34,0x29608f4f5b0d405f4018ff2206ef4a15e5f176b02fd019ca8b1fd1a78e49ab29
1755813374,0x0c67e17f41df36b740420b933153139e51b39dd8f29c7584feff483ab4800c4a,0xb4deaf92a93ed33a4cc2114d2c0aa47954753cc1,0x8dae05c6e4cbf60b66e425706d80c85e249871f7,sell,sell,buy,0.5012,792.55,1581.23,0x46572faaecbfd6dc50bcad26c3bc625b8d38e3e242607b6f6b0122b852d88dbe
1755821855,0x0c67e17f41df36b740420b933153139e51b39dd8f29c7584feff483ab4800c4a,0x69b571f818f091b5f466591a47833c22d64190c3,0x5bd4981b0e1aa82be92af85743d793f481310297,sell,sell,buy,0.4959,34.32,69.21,0x466c0ff62bad827cf2caa3eaf9387f143e5e0748883ba9920701b7580f523d83
1755834558,0x0c67e17f41df36b740420b933153139e51b39dd8f29c7584feff483ab4800c4a,0xdf1792278a31d2140ba0fd4cb5b18b40809878af,0xa4b4aa9a3d9c19d1ab3c6b4039b76eadd13a4053,buy,buy,sell,0.5140,30.15,58.65,0x6322a3c7603341795eee0af8c705fafbe4bfbd09dfe30f9298f2f348a98a5f64
1755839210,0x0c67e17f41df36b740420b933153139e51b39dd8f29c7584feff483ab4800c4a,0x477d06cb0f4141d3e11dca389c9e8e993bdc55f8,0x24658a3c6a63dcb2ae5f020a93569da9e469e760,buy,buy,sell,0.5234,378.27,722.69,0x926033033412e9bce2728f612b69ee310530a31b06364cd1ba6cd0c073642a81
1755851699,0x0c67e17f41df36b740420b933153139e51b39dd8f29c7584feff483ab4800c4a,0xb2484a4027e39a53dd3ee2e2e79d0b35e88282c1,0x68a1b934c30eadaa44a38dd62311788e7d2b357a,sell,sell,buy,0.5086,139.54,274.39,0xc5ac1a08551a61a24c2d1e9c00846fa0435b4cc05e8cf68592a6a736acb8da7c
1755864603,0x0c67e17f41df36b740420b933153139e51b39dd8f29c7584feff483ab4800c4a,0x138741174bff1d82273d186e77755afb7ed865e6,0x46ad2081890dc3cb30dfe38a9f116898251c7a7e,sell,sell,buy,0.5307,385.27,725.91,0xaea3a4623534a69b392083e9126f67c861d9e000b4130ccf00267f81326b0abb
1755868116,0x0c67e17f41df36b740420b933153139e51b39dd8f29c7584feff483ab4800c4a,0x58efefb9b15e7e53e5a6d3ca3555d1b9f4412c1c,0x0c344810bdf3ca78bc904e47c2d733ee736f5fb6,buy,buy,sell,0.5483,120.17,219.16,0xe0557099af13440586a3fcfae1af078d40e245eb0a6a9a3a71e48e9b0c34d826
1755880219,0x0c67e17f41df36b740420b933153139e51b39dd8f29c7584feff483ab4800c4a,0xa63124b9ff9eac39cb425d31d849857e9dea9953,0xc57e15ffff651ecbbc1e7fd61df74274e92bfcab,buy,buy,sell,0.5346,271.54,507.91,0xeab363fa08df890cdeb6e8b82f8c5e3ea58b51ee3ff2bc20db1ebc9016236312
1755890153,0x0c67e17f41df36b740420b933153139e51b39dd8f29c7584feff483ab4800c4a,0xc782f20f55d54f1a5aa873b18362f0f4a80f89ca,0xd82f1c0f258147b1aee958b9a415e5d7f14cf704,buy,buy,sell,0.5143,359.38,698.77,0x392f204cafd4fdcd73c9a593015e2cc934d57d4d9c6026b91695317cb471ff8a
1755895818,0x0c67e17f41df36b740420b933153139e51b39dd8f29c7584feff483ab4800c4a,0xaed73f8290056d7bd7f2e0994416f86ade563578,0x50b758db5b25e68fe9737097caa236908e7ebc7b,sell,sell,buy,0.4941,671.41,1358.84,0xd4ce5b8ff418e0f9f84f901f8d721e9753cb816ee4210bb2594ddcf4a8ee755a
1755909336,0x0c67e17f41df36b740420b933153139e51b39dd8f29c7584feff483ab4800c4a,0xf333de1276ffd90c9ad752bfdee948bda58e73dc,0xbe98cf38457f493052bc6f4cef0048b2dba75387,buy,buy,sell,0.5136,142.87,278.15,0xb3403e147b23d8b00b5394406d74089acbcb421d843fb22e57de463f7dcc4c19
1763677775,0x8cfce70436c95f872c258e10301d27409670d9ba47a16dd6a751892c97b5489d,0x8e260648e3a876580d6489ccba5cf4817731f0da,0x4d6b216288f07ce104c3a8804444553aa94b4c1b,sell,sell,buy,0.5907,772.93,1308.42,0xf56d4cbaacb1854ecdc066032a7aeaf3fab2789730839619f5a6d5f30ef3d641
1763678728,0x8cfce70436c95f872c258e10301d27409670d9ba47a16dd6a751892c97b5489d,0x90b89232994957c4e3c1b6b6fc6d4749e6273d44,0x80d30ef99aff264ec7dc028f749bf1ee87f5ca07,sell,sell,buy,0.6011,506.20,842.17,0xcaff2c0501dd74586588e5771c80e5f6dd48ecd693b629d15b0cec4316fe7450
1763691417,0x8cfce70436c95f872c258e10301d27409670d9ba47a16dd6a751892c97b5489d,0x8c66f9543b9e9dee0a7c5c1159b5106776c070c4,0xeeee7e9cbe4dfd86cda6cc0d4268c4a2df6ce8c5,buy,buy,sell,0.5896,842.77,1429.29,0xdf17418856b17919605515c09563d0261f96ea25f986181a8cbbfbcbf43b81a7
1763701825,0x8cfce70436c95f872c258e10301d27409670d9ba47a16dd6a751892c97b5489d,0xcd5357a436a10dac4367ccf2106de27402a4a1b9,0xa575501c7bf3512e8f3356967a17bdf7c8d03ea9,sell,sell,buy,0.6016,114.16,189.77,0xe44fb9230cb44720762c032531589dd28f46e07f9ba6b16509a67df1f8089359
1763706810,0x8cfce70436c95f872c258e10301d27409670d9ba47a16dd6a751892c97b5489d,0x72bb0b7713b143ae08942fc39b9f29ffe8c8fb81,0xb285ef17c45b0a0505637451b1bf2f6f0a8ab686,sell,sell,buy,0.6220,352.88,567.35,0x97bc9f9f23535311cf5ecb0b3ec2d765a5bdca857e5342685b39a4b740654da9
1763712623,0x8cfce70436c95f872c258e10301d27409670d9ba47a16dd6a751892c97b5489d,0xa82bcc253da734a3a690e4e4287a97c953d218fd,0x78b84ab5ade6c0799bd7d886d6ad49f9cdc8dc35,sell,sell,buy,0.6057,282.44,466.31,0x318d536a270f4ae4205963d2b376cd05c596bbcd074ed224d2be1f0aa09870db
1763713113,0x8cfce70436c95f872c258e10301d27409670d9ba47a16dd6a751892c97b5489d,0x88eb0723326ae5a2f435e31c6121f8a070843ac2,0xe7f6db78b69ba1e0274c12c3292b538460ff601a,buy,buy,sell,0.5911,570.99,966.05,0x921f667b2a4bf4088edea8afa3174b4b86e1b14fccf465a8298876c54137e2ad
1763723553,0x8cfce70436c95f872c258e10301d27409670d9ba47a16dd6a751892c97b5489d,0x2d504e4ade140642bdafa121dec627a1d74084b2,0xb66242b99214d6c8c55bde23e5298cef3b9d279e,buy,buy,sell,0.5736,81.69,142.42,0xbcb5c703d602dd952a1d86f75ce73a47c1c073796b264d1eb8efdcc5f12e2539
1763732916,0x8cfce70436c95f872c258e10301d27409670d9ba47a16dd6a751892c97b5489d,0x6450e13c3428363fbad40811117db41ddb586f51,0x79d7910712832001be656458da27678f99d07c59,sell,sell,buy,0.5908,998.97,1690.93,0xf3eac87d3eb0616af95275c57f35b26be694dac639e30f450f9cb37ff5b8aeef
1763739822,0x8cfce70436c95f872c258e10301d27409670d9ba47a16dd6a751892c97b5489d,0x6255a276f6cc32af781988d2a565e7a955ad685c,0x6eea4359f4248159979c02afeb0cbb337bd4dc25,sell,sell,buy,0.5859,880.94,1503.51,0x4f7feef127b733c405ae9d18e739a3ba2975f081c2f668db31796c8c6b93668d
1763743128,0x8cfce70436c95f872c258e10301d27409670d9ba47a16dd6a751892c97b5489d,0xf50f7c9eca746bec6b3f37944eee1c11125b01c1,0x5dc9220792198a6277e27787695d39ab331bd57e,buy,buy,sell,0.6083,709.54,1166.44,0xb77df1dfd70e055bdfaf04f17acf3172f98aceed0a3d0073e19017ffb5bec41a
1763747164,0x8cfce70436c95f872c258e10301d27409670d9ba47a16dd6a751892c97b5489d,0xf94c53ef5e1c469c58a7c1ffd27c6429c74fc6cb,0xe0a2365756032d6eba0445bccc13f77aae440e45,buy,buy,sell,0.6188,248.36,401.36,0xaeac3bdcbe82e5ab8cc9442aff27be276b5075284d0fdeecbe90172668aed2f7
1763757233,0x8cfce70436c95f872c258e10301d27409670d9ba47a16dd6a751892c97b5489d,0x25cf369db5110a7a98a97a857737860ba71c2a8a,0x479ce8f41393b3a4b0637bb84305671f454fe6ee,sell,sell,buy,0.6024,847.28,1406.59,0xc37cc4b944d83dfd0f6bcfa5131137ce28768f0afaeec58d685a371d6c7fcf79
1763766097,0x8cfce70436c95f872c258e10301d27409670d9ba47a16dd6a751892c97b5489d,0x13eb5b740ecb7cb3cbc162dafbac94738d2e40e2,0x9a012a25c19a53b55e7bce2b38e12aeac5c32d1d,buy,buy,sell,0.6179,418.04,676.51,0xb61e163bda1ee725493ab288c0357611f6c8238a897dad92c3df95e4bd7df156
1763776629,0x8cfce70436c95f872c258e10301d27409670d9ba47a16dd6a751892c97b5489d,0xefb9e91893dc45c1f4a98264ce0aef56987f8f8a,0xe8bd60f0d432179760264ba38f17811d8a2afd67,buy,buy,sell,0.6057,241.63,398.96,0x3c2d2fe542063379f28e511e7b0ef6e54c0731cebe47a7947dbdc720d651e8ce
1763782029,0x8cfce70436c95f872c258e10301d27409670d9ba47a16dd6a751892c97b5489d,0x884835517f8514d08dd59acae9f63959d755cd34,0x5232ac85ba54933114950547a2a30ca3c9e51db6,sell,sell,buy,0.5980,744.32,1244.63,0x8b5d102ede6f40b483734a9f121c0777cb53e77f41475798edfa74d0c77963ef
1763795442,0x8cfce70436c95f872c258e10301d27409670d9ba47a16dd6a751892c97b5489d,0xb3f051cd3eedd4ae3b2d163f84b5c3b342cef7bd,0xcd5d0e44d56d697b251778539af3aa8a9278c516,buy,buy,sell,0.6043,650.24,1076.01,0xff214db87e28de08b0fcee7c72825cceb1085b4694839b7a489c3a95c38c04d8
1763809830,0x8cfce70436c95f872c258e10301d27409670d9ba47a16dd6a751892c97b5489d,0x50778177dd5c598541d0c1611352ca6411ac64d7,0xbf93c25e7df724dde2977593bd712e76da6705e4,sell,sell,buy,0.6158,168.39,273.43,0xe915085f47031a7190ceab24bcf53636e68e555b70a4f2fa0b2940dfda688833
1763813601,0x8cfce70436c95f872c258e10301d27409670d9ba47a16dd6a751892c97b5489d,0xe3b735dcf1979b6258556c199b3127ecd55a546f,0x7e16fe80c8bd5b2bb32fe136f4c8d4120cb96bed,buy,buy,sell,0.6265,850.49,1357.44,0x376b05c41068da044ecb3dae396f2af8c2d0f13b51bd9edf4becb9064a5a7e54
1763821536,0x8cfce70436c95f872c258e10301d27409670d9ba47a16dd6a751892c97b5489d,0x91433f01237bd8d9341111e84330a08d382e6c67,0x635e907081492c74cb60198634e05839a649ecde,sell,sell,buy,0.6430,294.98,458.77,0xb9af451c91767fb0ffd8a6253fe264fd46cd121c6f9eff8632ecf9e33503e8ec
1767176543,0x73ccddb2e457924668e3cfe8793ffa4a716e60b409c0fbfdade0e115e273bd4f,0xddd26462f25efd8fa50729eb4a2194bc74b9cf1e,0xeaf582eef5f245a4a5a5db364ca4f0462a69365d,buy,buy,sell,0.6332,415.75,656.55,0xfd0db3899e1eae9407e6bd9b3623581aef20177b7e4e2c3ebf10b7f63136cf37
1767182871,0x73ccddb2e457924668e3cfe8793ffa4a716e60b409c0fbfdade0e115e273bd4f,0x34c5bbf68f900ac46ad1896b449b5ab50eb227a3,0x59f29b6bc3fc11f5edb3e240bfa838c155a2ffb2,buy,buy,sell,0.6480,361.33,557.59,0xd9d4bee2b652aa273dad88902deb62367c6897599591290d31c953602dc987a0
1767194972,0x73ccddb2e457924668e3cfe8793ffa4a716e60b409c0fbfdade0e115e273bd4f,0x3c55f338613c9b689e11483832c1a1b8522c72c7,0x0eded1e79a98ed6e23c9dee9f5c8a57ec73316a1,sell,sell,buy,0.6423,85.68,133.39,0x970a6a6763f7f1bf47b0c3a4e82e5796b09a1546398beeb24d9d947f96f6265a
1767207993,0x73ccddb2e457924668e3cfe8793ffa4a716e60b409c0fbfdade0e115e273bd4f,0x3183053ed254aa9f2f6f2f92f5996e0d2b7e87c6,0xbbc7eb5b340dce557bb1713439c2f363409ba36e,buy,buy,sell,0.6663,673.27,1010.39,0x357eabc3f18698a818d05e2ed50f82d8801400cc4048287c212b24e5f2243550
1767215018,0x73ccddb2e457924668e3cfe8793ffa4a716e60b409c0fbfdade0e115e273bd4f,0xaf57f8d1bcb1a4ce2f296d904dea71ef014b9d1c,0xbf51f4fb77c61123be3d17025241c4bb49835e09,sell,sell,buy,0.6625,722.46,1090.43,0x821d7e3823d2025885e33afc7be041c8f24eb9fe765cf8d82662fa853467d0a4
1767227231,0x73ccddb2e457924668e3cfe8793ffa4a716e60b409c0fbfdade0e115e273bd4f,0x0357cfbb516d73b2f465366cf62bb0499bf9208d,0xa546246faaecd041380a7de53983bd0cb514c3f6,buy,buy,sell,0.6646,806.03,1212.85,0x3e02a0bd3a291a35fcbc0e31c068622fe673cca2a3f5cc1b8ed38fb4cbafa897
1767230553,0x73ccddb2e457924668e3cfe8793ffa4a716e60b409c0fbfdade0e115e273bd4f,0xf1867684a667ce6f6508235c4d55feb4f5127778,0x78e5bfed01172322be1f1d59694b108eeddac870,sell,sell,buy,0.6540,970.52,1483.96,0x64cb8c80738fbce69081d5f855a87bcd21cbfc4cefebdcecd867096f25c5254c
1767244278,0x73ccddb2e457924668e3cfe8793ffa4a716e60b409c0fbfdade0e115e273bd4f,0x9ff7ffb350758238d699890c4270d4886cca8e95,0x7619a823cbc165cf503bd4b82739a0ef3473159d,buy,buy,sell,0.6310,587.97,931.81,0x99c38f3b96675cfd173c010648bc3e780d12983bb0d31eeb6c6e732cd42eb776
1767252603,0x73ccddb2e457924668e3cfe8793ffa4a716e60b409c0fbfdade0e115e273bd4f,0x01f7ea78a2ba5bc09903c99f396a563fba5c2d05,0xb768e35b091f84613599ac9838c3fc42324a9316,buy,buy,sell,0.6195,563.27,909.20,0x431c2772a754795f51f5ad4aef8721c8d55db2d563bcc8095edbf1af743ae35c
1767262922,0x73ccddb2e457924668e3cfe8793ffa4a716e60b409c0fbfdade0e115e273bd4f,0xdc2e655c71ebdbea63e9b0d986b641b3af89333f,0x856e174fffc10e8907d69bec312dd988d84513de,buy,buy,sell,0.6342,705.47,1112.33,0x8536d78a4914aa9166f323aeb9bc9729e180dd9fa91a39f54390eeeabbb43e06
1767264338,0x73ccddb2e457924668e3cfe8793ffa4a716e60b409c0fbfdade0e115e273bd4f,0x875fa773a5417be7307b47b722aa70a88da42ccf,0x013fb5eb4170c49e86a5aff026653cdd38994c4e,buy,buy,sell,0.6094,230.55,378.32,0x42d9e3a852d4224774a34ef975f6240c0ab9efbde20a62f422a18d0ec28b2890
1767277314,0x73ccddb2e457924668e3cfe8793ffa4a716e60b409c0fbfdade0e115e273bd4f,0xed3662121ed1b614a3e20b76b7feace42a31ef2d,0x2ba5b33197bdaa1359cf2c840e4edf9d1523b3ea,sell,sell,buy,0.6157,66.75,108.42,0x0de813d21bc65fc8413a3d7f1cb9068e9e6c00d3b5c7590be9e83d01e6dddb50
1767288053,0x73ccddb2e457924668e3cfe8793ffa4a716e60b409c0fbfdade0e115e273bd4f,0xb3b58205f75c81abc12f6230a3bbc0f181210632,0x209f6fa9815f6c5718fa7c1cafb212baf6bb6bd4,buy,buy,sell,0.6381,218.79,342.90,0xf74b360008509790e1a4ce272fe9a84e598532658d20857958865b52dfeca625
1767300467,0x73ccddb2e457924668e3cfe8793ffa4a716e60b409c0fbfdade0e115e273bd4f,0x01f4af509b981e94c9f8f1c9523a3b172f3b1f7e,0x33ab685acd8782662de1fbddbdea2470f621f8e7,buy,buy,sell,0.6345,746.58,1176.70,0x0db971142b013ba9f602d6b5bc94aabf31bbd295a8da45fb4a66894430b5a58d
1767309217,0x73ccddb2e457924668e3cfe8793ffa4a716e60b409c0fbfdade0e115e273bd4f,0x616bd426085be41d469422b14670c590c273b4c2,0x91ac216f88fff61c0af3118c02dfa6309627118a,buy,buy,sell,0.6397,816.89,1276.96,0xcac18e0ef0d316832e56232441b7977b606c5fc79e6d754b213bf0e032d4ba45
1767316969,0x73ccddb2e457924668e3cfe8793ffa4a716e60b409c0fbfdade0e115e273bd4f,0xaff292666a68a2944e32bead9db282d2ab64256b,0x5158b552bf2f7409243a026ada493286c4b59049,buy,buy,sell,0.6608,126.17,190.93,0x6d669ceac7acaaed2faa4afb9417515b5e67d1db10936095df48f49a9b27e9f1
1767331076,0x73ccddb2e457924668e3cfe8793ffa4a716e60b409c0fbfdade0e115e273bd4f,0x9d598101f4c840392db2e5a46b9d387e302e915d,0x228e9265f68cf12db2eb64536ef56da39a3e0273,sell,sell,buy,0.6403,149.51,233.49,0x9fb9241252395d214745d50e7ac66e6c665b098e1817a088e6030ed7f610062c
1767335076,0x73ccddb2e457924668e3cfe8793ffa4a716e60b409c0fbfdade0e115e273bd4f,0xc683ff5fca45e33b4ea6fb7f0dac4978eb4828ee,0x6c515ce9380ddc26a20fbec1feeb8c927413f24d,sell,sell,buy,0.6341,704.69,1111.31,0xf36e9d4fc7b284a0b456a3f520bb577424f94071914834fc56e26ef6954dbd7d
1767348656,0x73ccddb2e457924668e3cfe8793ffa4a716e60b409c0fbfdade0e115e273bd4f,0x85869dff61ee655819c5fcfd20455fa24a1dc0e4,0xf79e321d3deb40c25d829ada8646aaf5f426766e,buy,buy,sell,0.6199,875.16,1411.68,0x26243cd8c83a05a930e6c78cfc8f55a5f290055f1f14cbed1d16c2f83d30cf52
1767350180,0x73ccddb2e457924668e3cfe8793ffa4a716e60b409c0fbfdade0e115e273bd4f,0x5804c7b81cc404231234d11c634013016a44b625,0x44aa496102a6ccb063c623da4c41c5ac49b13ff2,buy,buy,sell,0.6225,215.04,345.46,0x57a929de6a0707f14ffeca0b4872c663a4a7bea6ce1277bc09aaf22fa573dde8
1760490084,0x0a902862ae9e09dd4105b9942afed935f8c017ecd86510a440086e0944a7c24c,0xe33af47a8a73a071f696808366f20a3a502024af,0x911b4973788e5897f9118e204c5b0c9559e64e22,sell,sell,buy,0.4610,323.04,700.81,0xd3c2ecf4a2e49b22faefa5e5863348e06d2afb5be8072ac08960e550997e5e7e
1760503387,0x0a902862ae9e09dd4105b9942afed935f8c017ecd86510a440086e0944a7c24c,0x2c9743f9bfacc74639a69cf8cc7644c111c6ebe2,0xbb6827d1c9edc86664ebe872dcb871270a18b98c,sell,sell,buy,0.4583,186.76,407.52,0xdb479c539ef82c5907546a1287521edac3a0e939c827e59ab71102f8dc54f9ee
1760507830,0x0a902862ae9e09dd4105b9942afed935f8c017ecd86510a440086e0944a7c24c,0x37d315a7f273daef1c2ab8b5e849a6ec9dd7b1ba,0xcf0ec0ddfae7a40c051d1dd9e5a46f75c92f1ad4,buy,buy,sell,0.4400,373.39,848.52,0x8a4f3d81b3b2214f8e7c8a2b0d65b694ec4e3e3912078dd49277578bdbc0b3e5
1760522138,0x0a902862ae9e09dd4105b9942afed935f8c017ecd86510a440086e0944a7c24c,0x2f65ecc2bae1dac674824143a45ad1df44356480,0x92e8019fc34334b2f1e82340cebc7bb62d72cfaf,buy,buy,sell,0.4294,453.17,1055.45,0x978a21829820debfdb3a41c40074cf0b1d12d2d905095d1b278b05b28886fc5c
1760527541,0x0a902862ae9e09dd4105b9942afed935f8c017ecd86510a440086e0944a7c24c,0x873e289635d0a94ea3a661d8a9cdd1bb2b271e74,0xede05593a140ff1caf11e9e9e1915de10409d771,sell,sell,buy,0.4204,715.39,1701.62,0x0b29f083892f99ffaa8576f1d8d1d5f9805df1b203a28237017d561b5291935b
1760537959,0x0a902862ae9e09dd4105b9942afed935f8c017ecd86510a440086e0944a7c24c,0xde16aabca9c5e657d2f5e73f5712a727d06dc7ac,0x2bd34cadb64d634003c047f831b624e1de544374,sell,sell,buy,0.4144,345.08,832.75,0xe13b81e35a12c57f3ab74b3d0ac3de394085f9c4c4fcff27334810bffe4e7e87
1760549368,0x0a902862ae9e09dd4105b9942afed935f8c017ecd86510a440086e0944a7c24c,0xefe1d666bf41c06d43aaa8cdb8b0400f99c76db0,0xf5366473c08e20d85fbc0967cb7da9384faac5b3,sell,sell,buy,0.4197,943.75,2248.76,0x04ed0bf3bcb7884d7681ba78159f8678f15b4483befada31a289ba918deb4870
1760555322,0x0a902862ae9e09dd4105b9942afed935f8c017ecd86510a440086e0944a7c24c,0x08a9d737755f4843a78a323ecb5c6ad28d386b9e,0x8d42f5418257468aef015acaa689b679707e044f,buy,buy,sell,0.4165,431.92,1037.02,0xf7109f2aa1abd2e6529ddeb33326bc6084c425c932c5cc7009a8dae6679da13f
1760560964,0x0a902862ae9e09dd4105b9942afed935f8c017ecd86510a440086e0944a7c24c,0xcc1921821b111a6b510a113e2569d35e8f6ab251,0x517d3d44123e722736f0e25080ce55bc152ae607,sell,sell,buy,0.4017,389.18,968.88,0x421baf548fa65e672041cb79831ab45cdf270231e645c3cfd3190cbfd5145b2a
1760563960,0x0a902862ae9e09dd4105b9942afed935f8c017ecd86510a440086e0944a7c24c,0x7e1df102a31643d1df8c5ba55705a88e0e6506e6,0x95e080b310c9a2d1451094791eaa1f2f3d305d22,sell,sell,buy,0.4053,176.84,436.26,0xbf3ee33f692e0bdc7ecaed2653a6f29fa3c787b80058c1227d45f945a790dc16
1760566204,0x0a902862ae9e09dd4105b9942afed935f8c017ecd86510a440086e0944a7c24c,0x077e52ec61829fc44612a1dd05cf2efb3e5a6a4f,0xf605f468847df687509152ae8d7915203663b349,buy,buy,sell,0.3825,22.88,59.80,0x9f32459ba9fa0aff85e44c35fe083e2e84e33848335bbf94006901f46dd15916
1760575697,0x0a902862ae9e09dd4105b9942afed935f8c017ecd86510a440086e0944a7c24c,0x8253495478cbb800b700561f6f8fd6c11efadc5b,0x42a5ea28776c5e7bd94e4a7c22d2224f7892ce9b,sell,sell,buy,0.3847,882.54,2294.38,0xc1c62a9975d9fb8f56b3747141bd4ea0dd3aa7397067ad1086fe0c6b57d13290
1760579206,0x0a902862ae9e09dd4105b9942afed935f8c017ecd86510a440086e0944a7c24c,0x2fa5f39e8386dc57afa89803e5a64d2297829498,0xf58af9bfd0ff50b3000a390319ba9de932c31098,buy,buy,sell,0.4085,117.79,288.37,0x329a5abdab6f4513d6671731d72b94fcab7ff1393cb82abb2f94e08b69659783
1760591213,0x0a902862ae9e09dd4105b9942afed935f8c017ecd86510a440086e0944a7c24c,0x92ade41dcb46d3cf1786204ac5675bee15eef3e6,0x23b3c8b4a4fe8393bc997d251101edf98de0db2d,sell,sell,buy,0.3835,807.16,2104.67,0x430db32c5fb105ec5184dde12edd0512c4413691dd26c69838c7348aa506912e
1760593547,0x0a902862ae9e09dd4105b9942afed935f8c017ecd86510a440086e0944a7c24c,0x7b67e47ce8538dc7a1a24914a9ce850ee7ca51a5,0xfea0e33767e5d11318fc6e61e813ea8adeda2871,buy,buy,sell,0.3641,778.44,2138.02,0x14cfd80762251ffe6b42992961627a17927e4f184c68bc35fa7c20e621ff666b
1760604997,0x0a902862ae9e09dd4105b9942afed935f8c017ecd86510a440086e0944a7c24c,0xc71f0c8c176e615e9a9d64f0ad422549632271cd,0xb0c8aa92e3fa874f82b60b23d2449649a504fa1d,buy,buy,sell,0.3647,362.10,992.83,0x2aa034eb3eabe48e6df2808de442c810ce88104df107566c8d67348c7b00784e
1760606465,0x0a902862ae9e09dd4105b9942afed935f8c017ecd86510a440086e0944a7c24c,0x01f0f36279d9360123661ef9696ce004bfa3d55e,0x0fb1d6dbdc6a82563af14a4ff9659a8fa1ff13cf,sell,sell,buy,0.3634,364.51,1003.15,0x2ef6295ec4943466487270ded1d7f1d967d4abde3f4d6756c595b2e0a25e5555
1760619104,0x0a902862ae9e09dd4105b9942afed935f8c017ecd86510a440086e0944a7c24c,0x82852b5a90e83a197d84a091e67c9aa7df8b7c6a,0xf818bdb2d6b46ef062b19f849fc3e8a6c9e6d704,sell,sell,buy,0.3616,296.74,820.67,0x9357d6a95d421d395fd0f3c77c36a3a9469f19890acd094b169d579a5aa3c416
1760628622,0x0a902862ae9e09dd4105b9942afed935f8c017ecd86510a440086e0944a7c24c,0x0a44bfc103967c50b5e9d9c8f361d2674cc25be7,0x44855b6c55b0186bf8d984ce48c3f467e1252ec4,sell,sell,buy,0.3720,776.99,2088.93,0xd7d6ca2ed4e615099e4f4249863e22fc17196eec6c26a553d6683a900ccf1abb
1760635403,0x0a902862ae9e09dd4105b9942afed935f8c017ecd86510a440086e0944a7c24c,0xfcc916d816d949b1dc04f197e6fc3fdb54dea54b,0x0184684fe5897ab9fcf0436c15e2b1be4f8a7653,sell,sell,buy,0.3963,692.56,1747.48,0x4db10c6fc93155f72b97555dd846ab37c470ec1ad592feb939f9ba1c54fa7492
1756953155,0x458511d8c6091a785f2de11a2ee3ef52cf00363993dac0ac435a653cc41586fa,0x7ecfd643cbea1263d0b90bc0549d7511716b0c3b,0x738d679c184cb793211a1632ef8d5ff3f5c2cf6f,sell,sell,buy,0.3672,112.65,306.79,0xf7cff7d1cf30dee8fdb201139c3ea8a65954deb1a0a83ed34275cba17f55e03a
1756966175,0x458511d8c6091a785f2de11a2ee3ef52cf00363993dac0ac435a653cc41586fa,0x00da57ceee9aaf87c686f10bd0c31b09ad5e9739,0x51de36bcab555724d132844000c26b44e0f841f6,sell,sell,buy,0.3669,977.31,2663.57,0x7f67e06f91315b3dad33b24937b2056d11f635d577c3d86ff970594f1ce2bae2
1756966441,0x458511d8c6091a785f2de11a2ee3ef52cf00363993dac0ac435a653cc41586fa,0x8ea2002741c6f8af80e95288f669da7573894ec2,0xfb6110a42a291edd363ae62785879f5914df3337,buy,buy,sell,0.3839,683.16,1779.55,0xef5b852c7a4425d48ebf4f0e49891a26074da7c0d62af796a0d5e79cbf157603
1756975920,0x458511d8c6091a785f2de11a2ee3ef52cf00363993dac0ac435a653cc41586fa,0x4b3f4c435517234221c6b541f1b17d6d962baf61,0x1d694d22beceb8265c3548907b1a9aca52d5f218,buy,buy,sell,0.3713,925.14,2491.80,0xab508af0e2bcd32a4d3a9c3a3f863e28c08d76ecd7f249b7f6bcb5ed0e8131a5
1756978507,0x458511d8c6091a785f2de11a2ee3ef52cf00363993dac0ac435a653cc41586fa,0x856c91a88f3835b57cb64870b86b152ef526a743,0x33e327b1397d31d3fafe075cb8c2ec4b2d156500,buy,buy,sell,0.3554,948.96,2670.40,0x8bd0eb3bbf3606ef047dbb6347849414d0415993bf06373e65f1fadd35ae4e6a
1756979621,0x458511d8c6091a785f2de11a2ee3ef52cf00363993dac0ac435a653cc41586fa,0xe9a0594e32e4f3683c1722c9c34c8c9747324499,0x573a8fc0a84c3bce2ff8b89d809aad2db8e70df5,buy,buy,sell,0.3782,785.19,2075.90,0x66c6aa3a5513cb2399a1525ff791a0cf1735bc76e272b47e167620dbdf4da97b
1756989679,0x458511d8c6091a785f2de11a2ee3ef52cf00363993dac0ac435a653cc41586fa,0xc3a2ceb334d2ddd112831485982d60d7cca51950,0xf5b89d3f8a4b7da0fdb6eaaca41840079c38f405,sell,sell,buy,0.3708,562.79,1517.60,0xf063a570bfa40ee15d18224d5ce7e5630c2a0fdf923550d7e039c025e9394ace
1756996308,0x458511d8c6091a785f2de11a2ee3ef52cf00363993dac0ac435a653cc41586fa,0xda94de1b6a0f2c27542e41d87d4697c4bb8acb7b,0x9157ca7edfdd5b4a28a9038665e907ef9ca92948,buy,buy,sell,0.3630,768.10,2116.13,0x4c86f6a7f37a724e55ce277ae3fcb3b0f0a50232aaca39b21f63bf29bd93e8de
1756996915,0x458511d8c6091a785f2de11a2ee3ef52cf00363993dac0ac435a653cc41586fa,0xff38e42db6aeb1240583a1cf08e0daa2b886d6ef,0x83dce4f5d01e78758386bf3a2e8005af8254d823,buy,buy,sell,0.3786,185.97,491.23,0xb1cbc355aabe796aa40add935280cc8c56d13965ab3b0a0ba472b308438ff3a1
1757000460,0x458511d8c6091a785f2de11a2ee3ef52cf00363993dac0ac435a653cc41586fa,0xdc7b307d304c17d6f5586391ca50c1864eb16978,0xe0890257f518c06ec19cb0fe8205959fbc7bf9de,buy,buy,sell,0.3889,251.20,645.87,0xe1b4bda70c7fd9fb4f5fe681b1fe6e2e5eb2ed001c0c100ec03920f75e5f680b
1757006204,0x458511d8c6091a785f2de11a2ee3ef52cf00363993dac0ac435a653cc41586fa,0x3d5b0717e8e5b65006f738245b46580678650313,0xd50b5b722ad4f871fe2ff9feb690eac3625b89ec,sell,sell,buy,0.3867,427.34,1105.11,0x582cbe0ec2cb67fe980abd38aebe8186a668cb8ae1e7a453fee2e03f2a439632
1757013049,0x458511d8c6091a785f2de11a2ee3ef52cf00363993dac0ac435a653cc41586fa,0x66d1eb22240b5ee0372186bd22c6881d21b9ce1d,0x4da2c74f4fa715a44fedc3e9cccffdca71ad91a7,sell,sell,buy,0.4022,163.63,406.82,0x9443af07f34489278681dadff0ba6e97d7d428f4fef060c8db9c64904d1955d8
1757025908,0x458511d8c6091a785f2de11a2ee3ef52cf00363993dac0ac435a653cc41586fa,0xcf05b5675f22caeff8e818802249d74485c63de0,0x179b23fdf320851a4b539e3666c4e84e00fdbda5,buy,buy,sell,0.3963,924.23,2332.14,0xe6ea290fce1f010f0012680d4d12390720b6d041d252868480971603003635a9
1757028563,0x458511d8c6091a785f2de11a2ee3ef52cf00363993dac0ac435a653cc41586fa,0xdeebf8dd781d86cebb5e158dcda32f8dd0e513e3,0x3d2040b0783cea8c74054691987912b2dfa8ccf9,sell,sell,buy,0.4045,581.73,1438.12,0x28f04a25306f530c28930b9f475b2b095b0cacf5915b8b871d10fc6f616f5bd1
1757030901,0x458511d8c6091a785f2de11a2ee3ef52cf00363993dac0ac435a653cc41586fa,0x083b966b4fd6785e5afaaac231dfe70c3289c04c,0x1796882463ca789b1d1c7b5e5af3c9db7673d6d6,buy,buy,sell,0.3850,305.31,792.98,0x2500fc89dbee73e442f69a2eb22fbf0795e705cf7329fa7c8cdb068172608723
1757037637,0x458511d8c6091a785f2de11a2ee3ef52cf00363993dac0ac435a653cc41586fa,0xd6a393dad69e7882f578ebd73196dcba452389ad,0xcd75db4bd3a558a3cd3b246fc7bafc4326832aa9,sell,sell,buy,0.3920,68.84,175.64,0x818d5efa4e90e57f0ac4b176bece97ce811b7852336fff6f74c5fb17e98594fd
1757051220,0x458511d8c6091a785f2de11a2ee3ef52cf00363993dac0ac435a653cc41586fa,0x9920bc63856fcec17ea1557e34ef3a061ff877e5,0xdb44d3612987f8f75f966329473eea5aa3db11d6,buy,buy,sell,0.3729,236.47,634.20,0x43faf4685afddbda80fa205bdb7e0aa44cfd26e902d73c6ff65f4541ecc0c6ba
1757054238,0x458511d8c6091a785f2de11a2ee3ef52cf00363993dac0ac435a653cc41586fa,0x92cfd1e66984bc7e34bc99c9947d324c3a777b3d,0xf7caa3e5ce4348a3950cfda81c7fc0793b2d995d,sell,sell,buy,0.3907,192.73,493.30,0x146bd86131070f775d8d8cad79666abe2f9e9f6472f1c9007fb88edc8d5fda8b
1757055292,0x458511d8c6091a785f2de11a2ee3ef52cf00363993dac0ac435a653cc41586fa,0x56a0562502973ce628cbbc1c02d4b4c98254aa29,0xc9f55fffba9740212fa3bcc3d09173b7499c1574,sell,sell,buy,0.3672,66.67,181.55,0x524a1b39dd6e588795a93b247ca73b13c5196acc50cb11b86af9b0573cc68b7d
1757066663,0x458511d8c6091a785f2de11a2ee3ef52cf00363993dac0ac435a653cc41586fa,0xec87d586bbc6ac6a10b656f926922b588db190dd,0x602baafb6b309e37a6e7ac988166fcc8ff7b416c,buy,buy,sell,0.3558,828.99,2330.15,0x86cfa8284fd8150772c91f549065c6bbf81dcd6e70e8f100e3cdbb592eccfb46
1760768882,0x27a69acde56bd26aae9833e31070227682232d903de539da8cb330a51097a6f8,0xbe01e342f489801a4ffb3530d9fe097c7a36117a,0x9956a51668f28ecaba93e50bbf87e4ff0688d773,buy,buy,sell,0.6648,845.24,1271.47,0xb044499ddd9fd3adffa9ce8dd9f85b68012a9d4400a970297a258a98774910cb
1760772857,0x27a69acde56bd26aae9833e31070227682232d903de539da8cb330a51097a6f8,0xaddac0d9bbd0646f43f49ddfd3e953bc35c1237c,0xc4366868a91c1c44be0cb99eac23216f83362663,sell,sell,buy,0.6677,765.48,1146.45,0xf93fa5af02a6bf29198181d5d366b2e4c1744e2748ddea5a0ed3b8cecf319473
1760773018,0x27a69acde56bd26aae9833e31070227682232d903de539da8cb330a51097a6f8,0x5fa9332a771edc88270bcf8fcf7c589c5c6a52b8,0x51b8bbdbbf408a377a64c16e1c6523087a0aa6fb,buy,buy,sell,0.6731,855.24,1270.68,0xfc9ed1e0c72c3f135b4ab2f85bfe5420d4dda98311ca8ad7a57d292f33037a9a
1760779182,0x27a69acde56bd26aae9833e31070227682232d903de539da8cb330a51097a6f8,0x71cbfbd3b97a090fcae15e847f65340190c9ecff,0x479a3d839da64876cc4ae4a46ddcb3b1cd9e333f,sell,sell,buy,0.6705,1001.56,1493.70,0xf957e7c1b4bc97bc999a7f5063991c7dff7211e042687914454df67370a7f530
1760792912,0x27a69acde56bd26aae9833e31070227682232d903de539da8cb330a51097a6f8,0x2a695ed86e6b7eb5b70bf1221d2f03543ecddf97,0xf5b8a875d965932b86586bfc2e3fc3edd7b9aa94,buy,buy,sell,0.6487,355.48,547.99,0xcd2bd3763afe1c39821a5588559a9171baf0caffdbb5094b7ccc225365ac7902
1760793948,0x27a69acde56bd26aae9833e31070227682232d903de539da8cb330a51097a6f8,0x3bac4004438ce18f30b822dd975d2c1ee7fd0006,0xcf37048857080abd4682dff8e8c4b10fb8105d44,buy,buy,sell,0.6326,924.34,1461.13,0x5669ed25ca8c5f3606a363c615389198aef9d42eef42aa2317a8c2815df920f9
1760800639,0x27a69acde56bd26aae9833e31070227682232d903de539da8cb330a51097a6f8,0x9ffa2ef97e6bf50617544ceb82b71fb45bca2bef,0x31f3d79782093d53a3c944d21bce2edb27ac4f8f,sell,sell,buy,0.6112,1008.79,1650.63,0xfddde4b37994328b9a714264a4ca63c44317696a5be5ccc65bafe4c0b2fd0486
1760812851,0x27a69acde56bd26aae9833e31070227682232d903de539da8cb330a51097a6f8,0x3b9a2f41134cabcc9cf81c165d861d0886dfb193,0xb6591120e7199230174737d70c6d81a427e606c4,sell,sell,buy,0.5989,19.10,31.89,0x13e1fbb633351e8f3c8f0cbd0bad7e5efaa30efa9249c6b5d193f35687213aef
1760822041,0x27a69acde56bd26aae9833e31070227682232d903de539da8cb330a51097a6f8,0x1e57c5c7f2e21f94cf94ba6ed01351e7b1431e55,0x6047f80860894e5436c5e33321e5604de8ef8fc0,buy,buy,sell,0.6185,221.98,358.89,0x4f66c693e58159e233209834796f02b861f62fa012c9e29c07a5ef71f03355fa
1760835612,0x27a69acde56bd26aae9833e31070227682232d903de539da8cb330a51097a6f8,0x9381790c2d9b6d161e27afa35f5a8e4c4e797839,0xd761633f344ffb235f14f28f872060bd8bb8276e,sell,sell,buy,0.6304,557.32,884.04,0x4418417c1701a3fa24d024c4bf2d1a55c3ba69591dc8e4e35ce6f690c0e41cfc
1760840369,0x27a69acde56bd26aae9833e31070227682232d903de539da8cb330a51097a6f8,0x929ca48684e187792f7784ca90ace41cdd9988b8,0x2048e7a84d29906fca825d3bd7e7e72319f3ff87,sell,sell,buy,0.6110,765.60,1253.11,0xdebe83be38a33fa089d3a1c51a5d5a5ed8f31189755fd2d8cee380fefc42a81b
1760848169,0x27a69acde56bd26aae9833e31070227682232d903de539da8cb330a51097a6f8,0x0f484c08541be65bcc9558a80ee7b3778b08774b,0xad9c762ef8724021eea3236db86d2fab10287fbb,sell,sell,buy,0.6299,756.81,1201.54,0x67ebf5c1fd473626d29320e3925da2c9e992c2a7cba31eedc1c32b235813f3ed
1760853669,0x27a69acde56bd26aae9833e31070227682232d903de539da8cb330a51097a6f8,0x174216512100d9b091a6df3df491f86b8a71f211,0x4fbd7d2e3c8e386069123928e0f26290d7e43cfa,buy,buy,sell,0.6191,363.33,586.87,0x0a3fabe7d658844b483405072684d1e4aa539f6e1a649783857a4a5f6fb5674c
1760856596,0x27a69acde56bd26aae9833e31070227682232d903de539da8cb330a51097a6f8,0x4eca7a7b6942e534f4c72905675ac4c88994f59f,0x30666d16d8cf3d392fa5d115dfa89c7aa2d8ed72,buy,buy,sell,0.5986,838.24,1400.33,0x7f7d2e16c2a3690292ba0f2297f4dd13ffe61bfe0ee3cc5acfabb35f9dcb9ea9
1760867719,0x27a69acde56bd26aae9833e31070227682232d903de539da8cb330a51097a6f8,0x87cc004ecda044e03953589c66db108498c24d7b,0x93f846205fc2df6ab29e5cfaf94ae8bc60d6a299,buy,buy,sell,0.5775,830.46,1437.93,0x19e90f41a58e0454890bf26b30bdb07026e60ed9476a1831795704f46d175721
1760879814,0x27a69acde56bd26aae9833e31070227682232d903de539da8cb330a51097a6f8,0xd81541b376a93f1e8d64452b805c6f5f2397dee3,0x2ecf85bd8e044d27bccb94670849c3da28bb8733,sell,sell,buy,0.5816,640.94,1102.03,0x67ab044ef2c20eb62e1e62eb6c8a97e637f5984b2e1b8a8ac264a22602ff7107
1760894133,0x27a69acde56bd26aae9833e31070227682232d903de539da8cb330a51097a6f8,0x3f6f9bb663dd19b4341e7efcebe0dec4d62815b3,0x7ca4812e2296226bc1427193555e33584d53a604,buy,buy,sell,0.5823,821.81,1411.34,0x22561cebad6e4ff56864d3eb489237aa5ceca168a581ab01683cf861e968ef88
1760907421,0x27a69acde56bd26aae9833e31070227682232d903de539da8cb330a51097a6f8,0x4e67cc2dbc5f0f026d347b87e8a3c48aa356d956,0x2d8cb8ea3960f9b9e59524c6e730b8871ab7cbb4,sell,sell,buy,0.5971,186.07,311.62,0x42d143fdbb5872e5ab1c69f82242c34483e973eaf072a0a35a9e6ab396b670c0
1760912571,0x27a69acde56bd26aae9833e31070227682232d903de539da8cb330a51097a6f8,0x81fcdc3c06020c215656b911f0c981bade9eca74,0x4b1438824c7df546cc25b0ed398fc43a28e49472,sell,sell,buy,0.5822,590.76,1014.64,0x5ca40434d315921cf4d98b8bcf41756c8e528c2e5da17f2d2b888b8d2a9e23dc
1760923583,0x27a69acde56bd26aae9833e31070227682232d903de539da8cb330a51097a6f8,0xe95be4458bb33eb537ae611c598b80dd6e2ad330,0xdc19ff55e93681384e532836e536a1b6f0475773,buy,buy,sell,0.5612,36.17,64.46,0x18c06f74a2226b424a144391448ec481415eca520ac0056ca67ad298442ac384
1760013545,0xfff21352d28b45984ab52f539b458fe5c36502a720acb0564636cfff0d7f7813,0x479a27ae76c0f0921494e2d23d9b6996506031d1,0x75da31ac2e5dfd16453545ccd430874bd0c48a63,sell,sell,buy,0.5098,848.27,1663.95,0xaba916000134e8bd56c495bded8db30fac548a3e110e2d0770dc94b7ff321e7d
1760018851,0xfff21352d28b45984ab52f539b458fe5c36502a720acb0564636cfff0d7f7813,0x1d95f7449df973b5abb9347d47989a9d08e5122b,0x0a33fe8eea308bf402a0b9eed14e92cb4d408448,sell,sell,buy,0.4942,715.23,1447.27,0x8eb046885fdb29b112de23e19d8ea8070b0008cc6b2c025fcb35737083b95013
1760023868,0xfff21352d28b45984ab52f539b458fe5c36502a720acb0564636cfff0d7f7813,0x1b58d50fcd77551e19645005a646ca872e6e70fb,0x2f07a7a283061c35856173b6b4011b218a027a32,sell,sell,buy,0.4943,79.97,161.79,0xf15c6068849bb2e491e82ec0b16cb9f8868b9c73f9412794e994f02b05f35859
1760027212,0xfff21352d28b45984ab52f539b458fe5c36502a720acb0564636cfff0d7f7813,0x993fa5943e53af4b7562a73eb8a03b3fc1200242,0x5c0b003e752dfe9908b9d1023b35d265b73e3bf8,sell,sell,buy,0.5132,904.77,1762.90,0x6f5d656fa64bdcbfbbca68b99593e7f5666e67dad9ffbb21e33b680e52762bf1
1760036253,0xfff21352d28b45984ab52f539b458fe5c36502a720acb0564636cfff0d7f7813,0x20e15d9bcac20629885155523bc9bef35b1bc311,0xa24d997fa1a27cec04f182b86459e28df2ffde95,sell,sell,buy,0.5112,597.17,1168.25,0xf96adbdec5c1be7fcecb73b5400c422db8980db2e4f97febac2234b596bfcbf0
1760050596,0xfff21352d28b45984ab52f539b458fe5c36502a720acb0564636cfff0d7f7813,0xca135c3acb097f09e46164ffff6137e9f8583455,0x5ee3230cb56878bc772f9968b0a9420605d3a3d3,buy,buy,sell,0.5187,699.77,1349.06,0x01d3f1c43c8d4dacf9671bf28a5ffd644f7aab123be7b1d3a973de58db6c5eae
1760064977,0xfff21352d28b45984ab52f539b458fe5c36502a720acb0564636cfff0d7f7813,0x4db3ac616b96d5078e9eb3fea2b89dcea7fc3096,0x639ce4f9e77beebb1d7cb4086d8faa99808f739f,sell,sell,buy,0.5048,695.19,1377.12,0x66fcdd12e60a42189cdc3768af740dbd8218ca91d7a0e6ba17428abcb076562b
1760070485,0xfff21352d28b45984ab52f539b458fe5c36502a720acb0564636cfff0d7f7813,0x34201e73e92e974951a3462052720bff5ed5bec2,0xddd4c80f0949b12e649c3ec1c81330a1d2220ba1,sell,sell,buy,0.4848,778.68,1606.14,0x983c2f216abe01c43d7bd7ee8ba29fefeb4d04a2c7226e8ac5e80b76e10ac0c0
1760078150,0xfff21352d28b45984ab52f539b458fe5c36502a720acb0564636cfff0d7f7813,0x1ffbf945d0f8de1d05ec924b6d2071bd7cfea837,0x70f3661341d4bcb2a12a4671a149694a62655ba5,buy,buy,sell,0.4874,200.48,411.31,0x6f9e1a85f2a9c2edf8fd2740d3ffe0b02d364bcc4e21768351d5784fc235731d
1760091765,0xfff21352d28b45984ab52f539b458fe5c36502a720acb0564636cfff0d7f7813,0xf5de0b9c94b7421b6e724e0f06597c8fd986efd6,0x0d6fe6ba9879440c7d5050cc42650564a93350cf,sell,sell,buy,0.4980,39.60,79.52,0x0e20fb016be505080872747aed37304fedcc65590606ef79bf315b989cfd5194
1760092164,0xfff21352d28b45984ab52f539b458fe5c36502a720acb0564636cfff0d7f7813,0x44926522a0bdf107ae62c0b16d58482d5fdfa2ca,0xb20f53adf56b84224ff650fab9d841896f9117a8,sell,sell,buy,0.5162,309.40,599.42,0x34e2605c19b26721b7169ab859a0eb8377655a2d8e89e8bcf7fb63f6761c404e
1760105058,0xfff21352d28b45984ab52f539b458fe5c36502a720acb0564636cfff0d7f7813,0x8b4226d1ee9f2f9c93e1b2555726cbf338210ef9,0x2d97e3db4fbc4f83b823d7074c9ebd98c682455c,sell,sell,buy,0.5402,482.81,893.79,0xcfeba1290f6a2a96f7d3d2337f0cf8702cebc39804e043c4e733da7da32b373b
1760114686,0xfff21352d28b45984ab52f539b458fe5c36502a720acb0564636cfff0d7f7813,0xcb07d558fdbe6147e557053cf1b846ccb818e002,0x99ae1705117d2dae560a0ae6d68a651a612dcc19,buy,buy,sell,0.5250,21.93,41.78,0x19597822436e2eaf46dc954cadec92e2fae61ce4ec4588357f6db59cd0eaf04b
1760121867,0xfff21352d28b45984ab52f539b458fe5c36502a720acb0564636cfff0d7f7813,0x69554016d30cceda31c34b75896c005918041a52,0x788bdca98e98b027aac5097cdf8421bd3a3b82bf,sell,sell,buy,0.5278,441.75,836.95,0x69c14de267301bfcca1543edd162a1546f6018e63099ab8c5b7bc19e45dcdc34
1760122665,0xfff21352d28b45984ab52f539b458fe5c36502a720acb0564636cfff0d7f7813,0x335f7998079eac95603abe771fa30ab27f08549a,0x30b2328ebfad1978f88a98e76ae820dc2343d1b5,sell,sell,buy,0.5224,382.74,732.69,0xdcbd507f798ce29b4ea131144a2518e9346c8f822ce6dbe4277a27b22a24bf3c
